8625 6576
743 320 1809 255 Veröffentlichungen
2607 328 305 249 des

940 544 984 196 deutschen
2041 544 859 196 General

934 776 1468 191 Gouvernements
2422 791 50 176 .

3224 320 1456 232 Mededeelingen
4744 320 336 232 van
5168 320 296 232 het

3448 548 892 192 Duitsche
4465 548 995 192 Generaal

3449 764 1418 213 Gouvernement
4847 785 53 193 .

5905 296 942 269 Nouvelles
6945 320 774 267 publiées

5771 568 321 235 par
6195 561 169 232 le
6479 526 1377 261 Gouvernement

5936 776 752 176 Général
6800 776 846 176 allemand
7648 776 48 176 .

6814 824 40 133 a

263 616 579 536 350

409 1088 43 43 How

3587 1199 36 40 C

827 1160 189 93 Der
1082 1161 341 95 Pariser
1482 1164 28 92 «
1567 1165 277 93 Matin
1995 1167 389 95 schreibt
2447 1170 269 94 unter
2783 1173 201 93 dem

1490 1169 35 116 «
1902 1171 36 116 »

718 1282 92 88 8.
856 1282 178 89 Mai
1086 1283 254 89 1915
1382 1284 18 88 :

3339 1165 137 90 De
3728 1164 280 85 Matin

3200 1268 60 112 8
3320 1268 188 112 Mei
3592 1268 256 112 1915
3900 1268 20 112 :

4255 1156 173 126 van
4535 1158 289 128 Parijs
4919 1162 349 128 schrijft
5367 1167 109 125 op

5804 1160 128 96 Le
5984 1160 32 96 «
6068 1160 276 96 Matin
6508 1160 108 96 de
6684 1160 248 96 Paris
7004 1160 220 96 écrit
7292 1160 56 96 à
7416 1160 84 96 la
7568 1160 200 96 date
7840 1160 112 96 du

5981 1165 34 90 «

7293 1170 57 82 છે

5691 1276 61 85 8
5811 1277 177 86 Mai
6059 1279 257 87 1915
6363 1283 25 84 :

6403 1176 44 91 »

3444 1468 256 92 EEN
3762 1469 410 93 WARE
4262 1471 940 96 GESCHIEDENIS
5212 1475 16 92 .

1092 1460 268 108 UNE
1468 1461 600 110 HISTOIRE
2168 1464 382 109 VRAIE
2575 1466 25 108 .

710 1612 470 129 Comment
1249 1618 114 126 on
1433 1621 94 125 se
1600 1622 522 131 débarrasse
2202 1630 197 127 d'un
2478 1633 513 131 journaliste

1663 1779 332 128 gênant
1995 1779 38 124 .

3363 1626 205 115 Hoe
3607 1628 207 115 men
3859 1630 167 114 een
4075 1631 373 117 lastigen
4495 1635 813 120 dagbladschrijver

3934 1786 174 108 van
4169 1787 220 109 kant
4448 1788 256 109 helpt
4696 1789 30 108 .

6072 1466 270 94 UNE
6444 1466 602 94 HISTOIRE
7146 1466 408 94 VRAIE
7562 1466 14 94 .

5687 1616 469 121 Comment
6227 1618 117 120 on
6415 1619 93 120 se
6579 1620 525 122 débarrasse
7171 1622 205 121 d'un
7447 1623 509 123 journaliste

6644 1776 331 116 gênant
6969 1776 32 116 .

3584 2611 3 11 -

4997 2611 15 20 C

5783 3000 3 10 -

3294 1946 19 54 <<
3338 1946 70 54 Het
3432 1946 269 57 schrikbewind
3705 1948 12 54 ,
3736 1949 64 54 dat
3816 1949 46 54 de
3884 1950 146 55 wreede
4048 1951 214 55 Duitschers
4278 1952 48 55 nu
4342 1953 126 55 sedert
4486 1954 102 54 bijna
4614 1955 110 54 negen
4752 1956 184 55 maanden
4956 1957 38 54 in
5022 1958 64 54 het
5108 1958 224 56 ongelukkig
5350 1960 128 55 België

3192 2012 144 52 hebben
3366 2012 198 53 ingevoerd
3572 2013 6 52 ,
3606 2013 102 53 heeft
3738 2014 68 52 een
3836 2014 120 52 nieuw
3988 2015 212 53 slachtoffer
4226 2016 190 52 gevonden
4445 2017 30 52 in
4506 2017 70 52 den
4606 2017 158 53 persoon
4792 2018 68 52 van
4882 2018 68 53 den
4972 2019 92 52 heer
5080 2019 112 52 Josen
5198 2020 8 52 ,
5227 2020 229 53 nieuwsblad

3192 2070 222 55 bestuurder
3434 2071 54 54 uit
3506 2071 46 54 de
3572 2072 188 54 provincie
3778 2073 234 55 Luxemburg
4012 2074 14 54 ,
4050 2074 66 54 een
4140 2075 84 54 man
4244 2075 68 54 van
4344 2076 84 54 veel
4458 2076 213 55 verdienste
4673 2077 12 54 ,
4708 2078 58 54 die
4786 2078 56 54 tot
4860 2078 262 56 onmiddellijk
5140 2080 92 54 vóór
5250 2080 70 55 den
5340 2081 132 54 oorlog

3192 2132 38 60 in
3250 2132 70 60 zijn
3340 2132 190 60 provincie
3544 2132 68 60 een
3632 2132 154 60 grooten
3806 2132 204 60 politieken
4032 2132 54 60 rol
4106 2132 70 60 had
4198 2132 172 60 gespeeld
4380 2132 8 60 .

3280 2208 86 60 Van
3386 2208 42 60 af
3440 2208 64 60 het
3530 2208 198 60 oogenblik
3756 2208 64 60 der
3838 2208 186 60 bezetting
4042 2208 68 60 van
4130 2208 128 60 België
4264 2208 6 60 ,
4294 2208 148 60 schreef
4460 2208 44 60 de
4522 2208 176 60 Duitsche
4718 2208 176 60 militaire
4910 2208 178 60 overheid
5108 2208 70 60 den
5198 2208 90 60 heer
5306 2208 110 60 Josen
5436 2208 38 60 in

3191 2284 48 40 ор
3258 2270 46 53 de
3322 2270 78 53 lijst
3418 2270 66 53 der
3505 2270 197 54 verdachte
3721 2271 184 54 personen
3912 2272 8 53 ,
3943 2272 61 53 die
4033 2272 179 54 bizonder
4235 2273 161 54 dienden
4422 2274 36 53 te
4475 2274 149 54 worden
4645 2275 168 53 bewaakt
4817 2275 7 53 .
4843 2276 57 53 Hij
4925 2276 104 53 bleef
5041 2276 127 54 echter
5185 2277 48 53 op
5252 2277 71 53 zijn
5340 2277 120 54 hoede
5465 2278 9 53 ,

3192 2328 68 54 wel
3280 2328 168 55 wetende
3454 2329 6 54 ,
3484 2329 62 54 dat
3564 2329 46 55 de
3628 2330 214 55 Duitschers
3860 2331 64 54 het
3942 2331 186 55 geringste
4148 2332 254 56 voorwendsel
4422 2334 140 54 zouden
4584 2334 34 55 te
4638 2335 86 54 baat
4736 2335 138 55 nemen
4892 2336 60 54 om
4973 2336 69 55 hem
5080 2337 68 54 aan
5168 2337 38 54 te
5224 2338 148 54 houden
5380 2338 6 54 ,
5407 2339 61 54 van

3190 2390 218 58 bespieding
3438 2390 34 59 te
3490 2391 266 59 beschuldigen
3782 2392 48 58 en
3851 2392 66 58 hem
3954 2392 64 59 het
4036 2393 54 58 lot
4116 2393 36 58 te
4172 2393 96 58 doen
4288 2394 130 58 deelen
4443 2394 57 58 van
4528 2395 150 58 zoovele
4696 2395 116 59 zijner
4830 2395 248 60 ongelukkige
5104 2397 274 59 landgenooten
5386 2398 8 58 ,
5416 2398 60 58 die

3191 2450 117 54 onder
3326 2451 46 53 de
3389 2452 213 55 Pruisische
3621 2454 127 54 kogels
3766 2455 167 55 gevallen
3953 2457 73 54 zijn
4033 2458 6 53 .

3283 2522 142 56 Weken
3452 2523 46 56 en
3520 2523 184 57 maanden
3724 2524 132 57 gingen
3882 2525 148 57 voorbij
4027 2526 14 56 .
4060 2526 52 56 De
4132 2527 214 57 Duitschers
4362 2528 184 57 wachtten
4566 2529 36 56 te
4624 2530 168 57 vergeefs
4812 2531 46 56 op
4884 2531 46 56 de
4948 2532 242 57 gelegenheid
5198 2533 6 56 ,
5293 2535 60 42 die
5372 2537 105 44 maar

3190 2586 78 44 niet
3286 2586 110 45 wilde
3414 2587 127 45 komen
3553 2588 11 44 ,
3582 2588 46 54 -
3644 2588 60 54 om
3726 2588 110 54 dezen
3854 2589 90 54 even
3962 2589 196 55 moedigen
4176 2590 54 54 als
4244 2590 274 55 voorzichtigen
4534 2591 46 54 en
4596 2591 276 55 behoedzamen
4894 2592 84 54 man
4998 2593 12 54 «
5032 2593 70 54 zijn
5118 2593 88 54 zaak
5222 2593 34 55 te
5272 2594 148 54 regelen
5438 2594 18 54 »
5468 2594 8 54 .

3190 2644 182 56 Derhalve
3390 2645 168 57 besloten
3578 2646 42 56 zij
3646 2646 71 56 hun
3736 2647 186 57 toevlucht
3942 2648 38 56 te
3998 2648 136 57 nemen
4154 2649 56 56 tot
4228 2649 68 57 een
4316 2650 68 56 van
4406 2651 60 56 die
4490 2651 86 56 laffe
4594 2652 46 56 en
4660 2652 230 57 laaghartige
4908 2653 190 57 middelen
5106 2655 6 56 ,
5136 2655 208 57 waarmede
5364 2656 42 56 zij
5428 2656 48 56 op

3189 2707 253 57 meesterlijke
3459 2710 103 55 wijze
3579 2711 121 55 weten
3719 2713 63 54 om
3799 2713 39 55 te
3855 2714 93 55 gaan
3955 2715 9 54 .

3286 2780 146 56 Zoowat
3459 2780 58 56 een
3531 2781 142 57 maand
3700 2781 154 57 geleden
3874 2782 98 56 vatte
3992 2782 44 57 M.
4058 2783 110 56 Josen
4188 2783 64 56 het
4276 2784 84 56 plan
4382 2784 44 56 op
4432 2784 10 56 ,
4464 2784 74 57 zich
4564 2785 90 56 naar
4672 2785 208 57 Nederland
4902 2786 34 56 te
4956 2786 159 57 begeven
5122 2787 13 56 .
5166 2787 54 56 Hij
5242 2787 120 57 reisde
5384 2788 90 56 naar

3186 2841 134 56 Aarlen
3327 2841 8 56 ,
3356 2841 99 57 waar
3472 2842 51 56 hij
3544 2842 49 57 bij
3614 2843 71 56 den
3705 2843 163 57 kapitein
3870 2844 13 56 -
3885 2844 272 58 dienstoverste
4176 2846 66 56 der
4259 2846 334 59 Kommandantur
4602 2848 69 57 een
4695 2849 66 56 pas
4780 2849 87 57 ging
4887 2850 136 56 vragen
5030 2851 7 56 .
5058 2851 53 56 De
5137 2851 165 57 kapitein
5321 2852 155 57 ontving

3188 2900 46 58 M.
3254 2900 110 58 Josen
3384 2901 38 58 in
3450 2901 70 58 zijn
3540 2901 127 59 bureel
3696 2902 82 59 zeer
3804 2903 142 58 beleefd
3958 2904 6 58 ;
3996 2904 48 58 na
4072 2904 70 58 zijn
4168 2905 176 58 papieren
4366 2906 34 58 te
4427 2906 143 59 hebben
4602 2907 229 59 onderzocht
4826 2908 12 58 ,
4862 2908 172 59 beloofde
5064 2909 48 59 hij
5134 2910 65 58 hem
5250 2910 66 59 een
5344 2911 64 58 pas
5438 2911 36 58 te

3958 2904 7 56 ;

3188 2963 120 56 zullen
3329 2964 115 56 geven
3449 2964 8 56 .
3479 2965 78 56 Dan
3577 2965 96 57 staat
3691 2966 49 56 hij
3755 2966 207 58 plotseling
3982 2968 47 56 op
4048 2968 47 57 en
4115 2969 81 56 zegt
4217 2970 7 56 :

3358 3034 308 59 Verontschuldig
3684 3035 64 58 mij
3764 3035 68 59 een
3850 3036 193 59 oogenblik
4052 3037 14 58 ;
4084 3037 38 58 ik
4140 3037 100 59 moet
4254 3038 68 58 een
4342 3038 104 59 bevel
4464 3039 92 58 gaan
4576 3039 114 59 geven
4706 3040 6 58 ;
4730 3040 36 58 ik
4786 3040 70 58 ben
4874 3041 162 58 dadelijk
5050 3041 36 59 te
5102 3042 100 58 uwer
5218 3042 238 59 beschikking
5462 3043 8 58 .

3284 3112 56 54 Hij
3370 3112 84 54 gaat
3480 3112 128 55 buiten
3636 3113 46 54 en
3714 3113 76 55 laat
3808 3114 44 54 M.
3874 3114 110 54 Josen
4014 3115 120 54 alleen
4164 3115 36 54 in
4230 3115 64 55 het
4324 3116 126 54 bureel
4460 3116 6 54 .
4496 3116 98 55 Even
4624 3117 94 54 later
4748 3118 102 54 komt
4878 3118 50 54 hij
4952 3118 104 55 terug
5062 3119 6 54 ,
5100 3119 56 54 zet
5186 3119 76 55 zich
5290 3120 92 54 vóór
5398 3120 72 54 zijn

3186 3172 216 58 schrijftafel
3430 3172 46 58 en
3506 3172 268 58 onderteekent
3792 3172 70 58 den
3882 3172 66 58 pas
3968 3172 68 58 van
4064 3172 70 58 den
4154 3172 180 58 bezoeker
4340 3172 6 58 .

3356 3244 112 56 Waar
3494 3244 30 56 is
3552 3245 46 56 de
3624 3245 158 57 stempel
3820 3246 54 57 van
3914 3247 42 56 de
3984 3247 322 58 Kommandantur
4314 3249 14 56 ?
4358 3249 108 57 roept
4492 3250 50 56 hij
4564 3251 196 57 eensklaps
4790 3252 52 56 uit
4848 3252 8 56 ,
4890 3253 45 56 en
4968 3253 50 56 hij
5048 3253 116 57 werpt
5192 3254 44 56 de
5266 3255 92 56 vóór
5384 3255 86 57 hem

3185 3308 264 58 opgestapelde
3475 3305 178 58 papieren
3673 3304 93 57 door
3783 3302 127 58 elkaar
3915 3302 8 56 .

3356 3383 52 58 De
3435 3383 159 58 stempel
3622 3383 31 58 is
3679 3383 222 58 verdwenen
3915 3383 7 58 !
3944 3383 107 58 brult
4068 3383 49 58 hij
4121 3383 17 58 ,
4160 3383 47 58 gij
4230 3383 88 58 hebt
4343 3383 87 58 hem
4458 3383 168 58 gestolen
4638 3383 6 58 !

3282 3452 55 55 En
3355 3452 50 55 hij
3433 3452 119 56 werpt
3577 3453 78 55 zich
3683 3454 48 55 op
3749 3454 73 55 den
3840 3454 90 56 heer
3946 3455 113 55 Josen
4071 3456 7 55 ;
4100 3456 94 55 twee
4212 3456 229 56 gendarmen
4461 3458 143 55 snellen
4625 3459 47 55 op
4691 3459 71 55 zijn
4791 3459 136 56 geroep
4945 3460 62 55 toe
5013 3461 6 55 .
5050 3461 52 55 De
5120 3461 213 56 gevangene
5350 3462 120 56 wordt

3186 3514 159 66 afgetast
3342 3514 13 66 ,
3372 3514 132 66 terwijl
3520 3514 72 66 zijn
3608 3514 128 66 armen
3752 3514 276 66 vastgehouden
4044 3514 150 66 werden
4200 3514 8 66 .
4224 3514 54 66 En
4348 3514 72 66 hoe
4436 3514 68 66 kon
4522 3514 64 66 het
4600 3514 134 66 anders
4747 3514 19 66 ?
4771 3514 37 66 ---
4824 3514 44 66 de
4882 3514 158 66 stempel
5056 3514 118 66 kwam
5190 3514 36 66 te
5242 3514 208 66 voorschijn
5458 3514 8 66 ,

3186 3570 42 56 of
3240 3570 116 56 liever
3372 3571 70 56 een
3465 3571 159 58 gendarm
3660 3572 134 57 haalde
3812 3573 86 56 hem
3918 3574 56 56 uit
3992 3574 68 56 een
4080 3575 66 56 der
4164 3575 270 57 buitenzakken
4451 3577 63 56 van
4538 3577 72 56 den
4632 3578 128 56 armen
4780 3579 214 57 Belgischen
5016 3580 337 58 dagbladschrijver
5353 3582 14 56 .

3282 3642 94 56 Deze
3396 3642 100 57 heeft
3510 3643 92 56 goed
3622 3643 38 56 te
3678 3644 236 57 schreeuwen
3922 3645 6 56 ,
3952 3645 36 56 te
4008 3645 246 57 protesteeren
4263 3647 13 56 ,
4300 3647 62 56 het
4382 3647 86 57 baat
4486 3648 98 56 niets
4596 3648 6 56 !
4626 3648 56 57 Hij
4704 3649 118 56 wordt
4840 3649 266 58 aangehouden
5144 3651 30 56 en
5200 3651 156 57 geboeid
5376 3652 92 57 naar

3184 3706 46 68 de
3244 3706 222 68 gevangenis
3486 3706 68 68 van
3580 3706 123 68 Aarlen
3733 3706 177 68 gebracht
3909 3706 20 68 .
3930 3706 278 68 Terzelfdertijd
4230 3706 30 68 is
4278 3706 68 68 een
4368 3706 242 68 huiszoeking
4628 3706 49 68 bij
4698 3706 46 68 M.
4764 3706 110 68 Josen
4896 3706 152 68 bevolen
5055 3706 10 68 .
5082 3706 52 68 En
5152 3706 138 68 daarbij
5312 3706 156 68 ontdekt

3184 3766 86 54 men
3290 3766 46 54 -
3354 3766 124 55 zooals
3496 3767 46 54 de
3560 3767 214 55 Duitschers
3794 3768 120 55 alleen
3934 3769 62 54 dat
4014 3769 150 55 kunnen
4180 3770 136 55 vinden
4332 3771 46 54 -
4394 3771 68 54 een
4484 3772 125 54 geheim
4642 3772 241 55 cijferschrift
4885 3773 13 54 ;
4916 3774 86 54 men
5020 3774 12 54 «
5056 3774 154 55 ontdekt
5226 3775 16 54 »
5262 3775 40 54 er
5316 3775 72 55 ook
5402 3776 66 54 het

3184 3828 84 66 klad
3286 3828 68 66 van
3376 3828 66 66 een
3464 3828 286 66 cijfertelegram
3756 3828 8 66 ,
3786 3828 64 66 dat
3868 3828 260 66 onmiddellijk
4146 3828 194 66 ontcijferd
4362 3828 120 66 wordt
4500 3828 78 66 met
4596 3828 70 66 den
4686 3828 250 66 cijfersleutel
4927 3828 13 66 ,
4962 3828 46 66 en
5028 3828 62 66 dat
5108 3828 232 66 belangrijke
5368 3828 98 66 mili

3182 3894 95 57 taire
3291 3894 244 57 inlichtingen
3553 3894 109 57 bevat
3681 3894 77 57 met
3775 3894 252 57 bestemming
4045 3894 91 57 voor
4153 3894 46 57 de
4217 3894 215 57 verbonden
4451 3894 370 57 legerbevelhebbers
4833 3894 6 57 !

3280 3964 52 62 De
3350 3964 88 62 zaak
3456 3964 32 62 is
3502 3964 172 62 geregeld
3688 3964 6 62 !
3716 3964 138 62 Enkele
3872 3964 118 62 dagen
4010 3964 48 62 na
4078 3964 70 62 zijn
4168 3964 240 62 aanhouding
4424 3964 204 62 verschijnt
4646 3964 44 62 M.
4712 3964 110 62 Josen
4842 3964 90 62 vóór
4950 3964 70 62 den
5040 3964 200 62 Duitschen
5260 3964 204 62 krijgsraad

3179 4031 48 52 en
3245 4030 120 53 wordt
3381 4029 146 53 wegens
3547 4028 252 53 hoogverraad
3819 4027 56 52 ter
3893 4027 96 52 dood
4009 4025 242 53 veroordeeld
4264 4025 10 52 !

3278 4107 94 59 Deze
3402 4107 286 59 veroordeeling
3718 4107 129 59 bracht
3877 4107 68 59 een
3985 4107 124 59 groote
4140 4107 257 59 opschudding
4426 4107 143 59 teweeg
4600 4107 48 59 bij
4680 4107 46 59 de
4756 4107 198 59 bevolking
4958 4107 8 59 .
5000 4107 208 59 Aanstonds
5240 4107 118 59 kwam
5394 4107 70 59 een

3181 4166 259 62 smeekschrift
3458 4166 38 62 in
3516 4166 153 62 omloop
3688 4166 63 62 dat
3755 4166 8 62 ,
3785 4166 77 62 met
3880 4166 219 62 honderden
4118 4166 348 62 handteekeningen
4494 4166 156 62 bekleed
4656 4166 8 62 ,
4686 4166 142 62 genade
4845 4166 114 62 vroeg
4984 4166 90 62 voor
5093 4166 71 62 den
5183 4166 265 62 veroordeelde
5452 4166 11 62 .

3180 4228 94 58 Deze
3302 4228 170 58 moedige
3494 4228 92 58 daad
3614 4228 70 58 van
3704 4228 44 58 de
3776 4228 196 58 bevolking
3998 4228 148 58 maakte
4174 4228 134 58 indruk
4336 4228 46 58 op
4402 4228 46 58 de
4470 4228 134 58 beulen
4632 4228 46 58 en
4702 4228 42 58 zij
4764 4228 178 58 waagden
4968 4228 66 58 het
5052 4228 78 58 niet
5156 4228 64 58 het
5248 4228 130 58 vonnis
5398 4228 64 58 ten

3180 4283 144 58 uitvoer
3342 4284 36 56 te
3398 4285 162 56 brengen
3568 4285 6 56 .
3596 4286 52 56 De
3668 4286 196 57 doodstraf
3876 4287 98 56 werd
3994 4287 204 57 veranderd
4218 4289 38 56 in
4276 4289 236 57 levenslange
4532 4290 324 58 gevangenisstraf
4851 4292 14 56 .
4896 4292 18 56 »

5786 1954 16 56 «
5832 1954 48 56 Le
5904 1954 142 56 régime
6070 1954 46 56 de
6140 1954 146 56 terreur
6308 1954 74 56 que
6406 1954 36 56 la
6468 1954 154 56 férocité
6648 1954 206 56 allemande
6882 1954 66 56 fait
6974 1954 134 56 régner
7134 1954 132 56 depuis
7292 1954 144 56 bientôt
7462 1954 92 56 neuf
7576 1954 96 56 mois
7702 1954 62 56 sur
7798 1954 36 56 la
7856 1954 98 56 mal

5676 2017 194 57 heureuse
5899 2017 179 57 Belgique
6103 2017 103 57 vient
6231 2017 46 57 de
6296 2017 101 57 faire
6424 2017 73 57 une
6525 2017 171 57 nouvelle
6721 2017 147 57 victime
6895 2017 91 57 dans
7012 2017 38 57 la
7076 2017 186 57 personne
7289 2017 86 57 d'un
7404 2017 183 57 directeur
7613 2017 45 57 de
7682 2017 147 57 journal
7856 2017 45 57 de
7920 2017 36 57 la

5684 2076 174 58 province
5892 2076 46 58 de
5972 2076 261 58 Luxembourg
6233 2076 13 58 .
6282 2076 30 58 Il
6348 2076 106 58 s'agit
6484 2076 46 58 de
6562 2076 46 58 M.
6640 2076 108 58 Josen
6756 2076 6 58 ,
6794 2076 222 58 journaliste
7048 2076 108 58 belge
7190 2076 44 58 de
7260 2076 114 58 grand
7406 2076 134 58 mérite
7570 2076 38 58 et
7634 2076 62 58 qui
7728 2076 96 58 avait
7852 2076 86 58 joué
7944 2076 8 58 ,

5684 2139 175 57 jusqu'au
5887 2139 170 57 moment
6082 2139 46 57 de
6154 2139 36 57 la
6216 2139 133 57 guerre
6354 2139 7 57 ,
6392 2139 48 57 un
6470 2139 115 57 grand
6612 2139 79 57 rôle
6716 2139 180 57 politique
6923 2139 92 57 dans
7043 2139 95 57 cette
7164 2139 174 57 province
7344 2139 7 57 .

5783 2219 71 56 Dès
5881 2219 243 56 l'occupation
6153 2219 45 56 de
6225 2219 35 56 la
6286 2219 179 56 Belgique
6470 2219 7 56 ,
6499 2219 46 56 M.
6565 2219 110 56 Josen
6694 2219 88 56 était
6801 2219 71 56 mis
6891 2219 67 56 par
6978 2219 55 56 les
7053 2219 178 56 autorités
7255 2219 196 56 militaires
7475 2219 227 56 allemandes
7720 2219 67 56 sur
7810 2219 34 56 la
7871 2219 85 56 liste

5686 2280 64 56 des
5778 2280 164 56 suspects
5970 2280 90 56 qu'il
6086 2280 122 56 fallait
6232 2280 346 56 particulièrement
6604 2280 187 56 surveiller
6797 2280 10 56 .
6830 2280 88 56 Mais
6946 2280 26 56 il
7000 2280 40 56 se
7066 2280 118 56 tenait
7210 2280 62 56 sur
7292 2280 64 56 ses
7384 2280 130 56 gardes
7520 2280 6 56 ,
7548 2280 62 56 car
7636 2280 24 56 il
7690 2280 114 56 savait
7830 2280 70 56 que
7920 2280 34 56 le

5686 2340 172 58 moindre
5876 2340 168 58 prétexte
6064 2340 156 58 suffirait
6238 2340 72 58 aux
6328 2340 214 58 Allemands
6562 2340 94 58 pour
6674 2340 164 58 l'arrêter
6842 2340 8 58 ,
6872 2340 178 58 l'accuser
7068 2340 262 58 d'espionnage
7356 2340 38 58 et
7420 2340 52 58 lui
7500 2340 92 58 faire
7618 2340 102 58 subir
7746 2340 34 58 le
7806 2340 76 58 sort
7908 2340 46 58 de

5687 2405 81 54 tant
5794 2405 45 54 de
5866 2405 59 54 ses
5952 2405 246 54 malheureux
6224 2405 266 54 compatriotes
6517 2405 64 54 qui
6608 2405 65 54 ont
6699 2405 107 54 laissé
6833 2405 82 54 leur
6940 2405 59 54 vie
7027 2405 86 54 sous
7140 2405 55 54 les
7221 2405 116 54 balles
7364 2405 238 54 prussiennes
7608 2405 7 54 .

5784 2480 70 60 Des
5884 2480 188 60 semaines
6102 2480 38 60 et
6164 2480 66 60 des
6258 2480 94 60 mois
6380 2480 194 60 passèrent
6578 2480 6 60 .
6614 2480 52 60 En
6694 2480 80 60 vain
6806 2480 54 60 les
6884 2480 216 60 Allemands
7130 2480 228 60 attendaient
7384 2480 194 60 l'occasion
7609 2480 98 60 pour
7730 2480 12 60 «
7768 2480 90 60 faire
7884 2480 68 60 son

5686 2544 128 56 affaire
5842 2544 16 56 »
5890 2544 20 56 à
5936 2544 56 56 cet
6018 2544 154 56 homme
6198 2544 210 56 courageux
6412 2544 8 56 ,
6444 2544 96 56 mais
6554 2544 160 56 prudent
6738 2544 34 56 et
6804 2544 226 56 circonspect
7034 2544 8 56 ,
7080 2544 183 56 l'occasion
7286 2544 46 56 ne
7350 2544 78 56 vint
7446 2544 64 56 pas
7516 2544 6 56 .
7544 2544 106 56 Aussi
7678 2544 210 56 décidèrent
7890 2544 14 56 -
7906 2544 46 56 ils

5687 2604 45 59 de
5758 2604 179 59 procéder
5962 2604 67 59 par
6056 2604 48 59 un
6133 2604 45 59 de
6204 2604 60 59 ces
6291 2604 113 59 coups
6431 2604 124 59 lâches
6582 2604 37 59 et
6644 2604 156 59 infâmes
6827 2604 92 59 dont
6944 2604 46 59 ils
7017 2604 201 59 possèdent
7244 2604 98 59 seuls
7370 2604 35 59 la
7432 2604 165 59 maîtrise
7603 2604 10 59 .

5780 2684 30 60 Il
5830 2684 20 60 y
5870 2684 20 60 a
5908 2684 50 60 un
5978 2684 96 60 mois
6098 2684 44 60 M.
6158 2684 110 60 Josen
6290 2684 108 60 ayant
6416 2684 212 60 l'intention
6648 2684 44 60 de
6710 2684 124 60 passer
6848 2684 46 60 en
6910 2684 182 60 Hollande
7108 2684 38 60 se
7162 2684 122 60 rendit
7300 2684 20 60 à
7334 2684 110 60 Arlon
7460 2684 36 60 et
7510 2684 40 60 se
7564 2684 172 60 présenta
7752 2684 44 60 au
7812 2684 140 60 bureau

5686 2740 48 56 du
5752 2740 184 57 capitaine
5942 2741 6 56 ,
5972 2741 86 56 chef
6072 2741 44 56 de
6136 2741 34 56 la
6190 2742 321 57 Kommandantur
6514 2743 11 56 ,
6548 2743 92 56 pour
6660 2744 38 56 se
6716 2744 88 56 faire
6822 2744 162 57 délivrer
7002 2745 50 56 un
7072 2745 194 57 passeport
7270 2746 8 56 .

5782 2828 49 59 Le
5849 2828 239 59 Hauptmann
6107 2828 116 59 reçoit
6240 2828 45 59 M.
6306 2828 111 59 Josen
6436 2828 75 59 très
6529 2828 182 59 poliment
6728 2828 36 59 et
6768 2828 7 59 ,
6798 2828 106 59 après
6924 2828 103 59 avoir
7050 2828 174 59 examiné
7248 2828 58 59 ses
7328 2828 147 59 papiers
7481 2828 7 59 ,
7510 2828 38 59 se
7573 2828 145 59 déclare
7743 2828 81 59 prêt
7852 2828 20 59 à
7897 2828 53 59 lui

5683 2891 160 54 délivrer
5861 2891 34 54 le
5915 2890 194 55 passeport
6127 2889 186 55 demandé
6314 2889 10 54 .
6345 2888 90 55 Mais
6455 2887 226 55 subitement
6699 2887 24 54 il
6743 2887 36 54 se
6799 2887 80 54 lève
6897 2886 38 55 et
6953 2886 56 54 dit
7029 2886 8 54 :

5852 2972 160 56 Excusez
6016 2972 12 56 -
6032 2972 78 56 moi
6128 2972 94 56 pour
6240 2972 50 56 un
6310 2972 168 56 moment
6484 2972 8 56 ,
6510 2972 64 56 j'ai
6594 2972 48 56 un
6662 2972 104 56 ordre
6786 2972 18 56 à
6824 2972 142 56 donner
6986 2972 134 56 dehors
7126 2972 8 56 ,
7152 2972 38 56 je
7210 2972 76 56 suis
7306 2972 80 56 tout
7404 2972 46 56 de
7468 2972 96 56 suite
7584 2972 18 56 à
7620 2972 90 56 vous
7716 2972 6 56 .

5780 3058 29 57 Il
5829 3058 78 57 sort
5924 3058 156 57 laissant
6097 3058 46 57 M.
6161 3058 109 57 Josen
6287 3058 79 57 seul
6386 3058 90 57 dans
6496 3058 66 57 son
6577 3058 139 57 bureau
6722 3058 7 57 .
6744 3058 29 57 Il
6788 3058 183 57 s'absente
6988 3058 20 57 à
7021 3058 111 57 peine
7147 3058 96 57 deux
7257 3058 163 57 minutes
7426 3058 6 57 ,
7451 3058 149 57 revient
7593 3058 12 57 ,
7623 3058 179 57 s'installe
7817 3058 135 57 devant

5684 3116 40 56 sa
5740 3116 100 56 table
5858 3116 38 56 et
5914 3116 104 56 signe
6038 3116 34 56 le
6090 3116 196 56 passeport
6304 3116 50 56 du
6372 3116 156 56 visiteur
6532 3116 8 56 .

5852 3204 90 58 Mais
5960 3204 50 58 où
6026 3204 64 58 est
6102 3204 94 58 donc
6214 3204 36 58 le
6268 3204 126 58 cachet
6412 3204 46 58 de
6476 3204 36 58 la
6530 3204 316 58 Kommandantur
6852 3204 14 58 ?
6886 3204 127 58 s'écrie
7020 3204 10 58 -
7036 3204 10 58 t
7048 3204 10 58 -
7065 3204 19 58 il
7102 3204 270 58 brusquement
7376 3204 8 58 ,
7406 3204 38 58 et
7460 3204 26 58 il
7506 3204 40 58 se
7564 3204 78 58 met
7656 3204 18 58 à
7690 3204 150 58 fouiller
7858 3204 92 58 dans

5683 3268 54 54 les
5755 3267 149 55 papiers
5923 3266 166 55 amassés
6108 3265 135 54 devant
6262 3264 51 54 lui
6321 3264 6 54 .

5852 3350 50 58 Le
5920 3350 126 58 cachet
6064 3350 60 58 n'y
6142 3350 56 58 est
6216 3350 66 58 pas
6294 3350 6 58 !
6324 3350 108 58 hurle
6434 3350 14 58 -
6450 3350 14 58 t
6466 3350 14 58 -
6482 3350 28 58 il
6522 3350 6 58 !
6552 3350 88 58 c'est
6660 3350 86 58 vous
6764 3350 62 58 qui
6846 3350 112 58 l'avez
6979 3350 82 58 volé
7074 3350 12 58 !

5778 3440 45 56 Et
5840 3440 27 56 il
5881 3440 45 56 se
5941 3440 93 56 jette
6055 3440 64 56 sur
6134 3440 45 56 M.
6200 3440 109 56 Josen
6318 3440 7 56 ,
6349 3440 145 56 appelle
6513 3440 97 56 deux
6628 3440 215 56 gendarmes
6862 3440 63 56 qui
6945 3440 204 56 accourent
7141 3440 14 56 .
7177 3440 55 56 On
7252 3440 130 56 fouille
7400 3440 36 56 le
7454 3440 209 56 prisonnier
7681 3440 45 56 en
7751 3440 52 56 lui
7820 3440 132 56 tenant

5682 3499 54 62 les
5753 3499 86 62 bras
5857 3499 36 62 et
5909 3499 46 62 —
5971 3499 290 62 naturellement
6270 3499 8 62 !
6291 3499 44 62 -
6355 3499 46 62 on
6421 3499 131 62 trouve
6570 3499 35 62 le
6622 3499 133 62 timbre
6772 3499 48 62 ou
6838 3499 122 62 plutôt
6978 3499 49 62 un
7048 3499 63 62 des
7131 3499 220 62 gendarmes
7370 3499 35 62 le
7423 3499 18 62 «
7455 3499 111 62 retiré
7572 3499 18 62 »
7606 3499 108 62 d'une
7733 3499 62 62 des
7813 3499 136 62 poches

5681 3559 227 52 extérieures
5928 3560 48 52 du
5996 3560 243 53 malheureux
6256 3561 225 53 journaliste
6500 3562 107 53 belge
6613 3563 6 52 .

5778 3639 105 61 Celui
5885 3639 13 61 -
5901 3639 32 61 ci
5949 3639 20 61 a
5982 3639 95 61 beau
6096 3639 95 61 crier
6196 3639 7 61 ,
6221 3639 182 61 protester
6408 3639 12 61 ,
6436 3639 134 61 inutile
6583 3639 6 61 !
6606 3639 29 61 Il
6654 3639 55 61 est
6724 3639 117 61 arrêté
6860 3639 37 61 et
6911 3639 180 61 emmené
7087 3639 11 61 ,
7116 3639 187 61 menottes
7323 3639 70 61 aux
7408 3639 119 61 mains
7533 3639 7 61 ,
7559 3639 20 61 à
7593 3639 35 61 la
7642 3639 125 61 prison
7783 3639 146 61 d'Arlon
7936 3639 8 61 .

5679 3701 53 57 En
5754 3701 124 57 même
5897 3701 121 57 temps
6024 3701 7 57 ,
6054 3701 109 57 ordre
6184 3701 57 57 est
6259 3701 123 57 donné
6402 3701 45 57 de
6467 3701 313 57 perquisitionner
6799 3701 46 57 au
6864 3701 175 57 domicile
7058 3701 46 57 de
7120 3701 46 57 M.
7188 3701 110 57 Josen
7305 3701 6 57 .
7332 3701 45 57 Et
7396 3701 36 57 là
7436 3701 7 57 ,
7467 3701 47 57 on
7536 3701 178 57 découvre
7800 3704 147 50 comme

5678 3758 100 52 seuls
5798 3758 54 52 les
5866 3758 216 53 Allemands
6100 3759 130 53 savent
6248 3760 194 52 découvrir
6458 3761 44 52 -
6520 3761 48 52 un
6588 3761 124 53 chiffre
6730 3762 116 52 secret
6856 3762 6 52 ;
6882 3762 48 52 on
6952 3762 10 52 «
6990 3763 180 52 découvre
7194 3763 16 52 »
7232 3764 98 52 aussi
7348 3764 34 52 le
7398 3764 182 53 brouillon
7598 3765 84 52 d'un
7702 3765 242 53 télégramme

5678 3818 128 59 chiffré
5832 3818 64 58 qui
5914 3819 58 58 est
5990 3819 158 58 aussitôt
6174 3819 176 60 déchiffré
6374 3820 20 58 à
6412 3821 110 58 l'aide
6550 3821 46 58 de
6614 3821 92 59 cette
6732 3822 77 58 clef
6800 3822 12 58 ,
6830 3822 38 58 et
6894 3823 64 58 qui
6982 3823 166 59 contient
7166 3824 64 58 des
7254 3824 190 59 nouvelles
7472 3825 194 59 militaires
7686 3826 241 59 importantes
7930 3827 13 58 ,

5678 3880 20 48 à
5716 3880 176 48 l'adresse
5912 3880 62 48 des
5994 3880 284 48 commandants
6298 3880 64 48 des
6382 3880 144 48 armées
6546 3880 128 48 alliées
6688 3880 6 48 !

5776 3965 51 55 Le
5847 3965 86 55 tour
5956 3965 57 55 est
6034 3965 88 55 joué
6132 3965 7 55 !
6157 3965 46 55 M.
6220 3965 111 55 Josen
6337 3965 8 55 ,
6367 3965 139 55 envoyé
6530 3965 177 55 quelques
6728 3965 102 55 jours
6849 3965 211 55 seulement
7081 3965 106 55 après
7209 3965 67 55 son
7296 3965 221 55 arrestation
7537 3965 133 55 devant
7690 3965 35 55 le
7743 3965 136 55 conseil
7899 3965 45 55 de

5676 4023 134 62 guerre
5830 4023 188 62 allemand
6021 4023 12 62 ,
6055 4023 57 62 est
6130 4023 208 62 condamné
6355 4023 19 62 à
6393 4023 100 62 mort
6497 4023 7 62 ,
6526 4023 95 62 pour
6639 4023 108 62 haute
6765 4023 165 62 trahison
6943 4023 6 62 !

5773 4107 50 56 La
5841 4107 288 56 condamnation
6149 4107 54 56 fut
6223 4107 145 56 connue
6386 4107 38 56 et
6442 4107 189 56 provoqua
6646 4107 70 56 une
6734 4107 137 56 grande
6890 4107 168 56 émotion
7077 4107 121 56 parmi
7216 4107 36 56 la
7274 4107 217 56 population
7499 4107 6 56 .
7522 4107 164 56 Aussitôt
7700 4107 72 56 une
7790 4107 155 56 pétition

5676 4164 38 62 se
5732 4164 142 62 couvrit
5894 4164 44 62 de
5956 4164 190 62 centaines
6166 4164 46 62 de
6230 4164 210 62 signatures
6458 4164 226 62 demandant
6698 4164 32 62 la
6748 4164 106 62 grâce
6870 4164 48 62 du
6938 4164 215 62 condamné
7150 4164 10 62 .
7182 4164 66 62 Cet
7266 4164 78 62 acte
7364 4164 44 62 de
7434 4164 154 62 courage
7608 4164 44 62 de
7672 4164 36 62 la
7730 4164 212 62 population

5674 4226 48 58 ne
5740 4226 110 58 laissa
5870 4226 64 58 pas
5954 4226 332 58 d'impressionner
6312 4226 56 58 les
6392 4226 210 58 bourreaux
6608 4226 6 58 .
6636 4226 100 58 Cette
6754 4226 70 58 fois
6848 4226 48 58 ils
6916 4226 188 58 n'osèrent
7122 4226 66 58 pas
7208 4226 92 58 aller
7322 4226 170 58 jusqu'au
7520 4226 90 58 bout
7632 4226 44 58 de
7702 4226 34 58 la
7758 4226 172 58 sentence
7933 4226 9 58 .

5673 4288 45 57 Et
5735 4288 127 57 l'arrêt
5880 4288 45 57 de
5945 4288 99 57 mort
6062 4288 56 57 fut
6135 4288 227 57 transformé
6380 4288 46 57 en
6447 4288 72 57 une
6539 4288 282 57 condamnation
6842 4288 21 57 à
6881 4288 36 57 la
6936 4288 185 57 réclusion
7141 4288 231 57 perpétuelle
7377 4288 7 57 .

806 3161 3 10 -

5781 3230 2 8 -

3286 3271 4 12 -

3285 3403 3 10 -

1364 3431 2 8 -

5911 3523 3 10 -

4288 3539 45 12 --

4770 3543 2 8 -

811 1950 13 54 «
859 1950 49 54 Le
925 1951 143 55 régime
1077 1952 55 55 de
1149 1953 147 55 terreur
1313 1954 73 55 que
1403 1955 37 54 la
1457 1956 155 55 férocité
1625 1957 213 56 allemande
1851 1960 67 54 fait
1931 1960 133 55 régner
2075 1962 133 55 depuis
2219 1963 147 55 bientôt
2379 1965 93 54 neuf
2481 1966 95 54 mois
2591 1967 65 54 sur
2669 1967 37 55 la
2719 1968 265 56 malheureuse

709 2008 179 57 Belgique
905 2010 103 57 vient
1033 2011 47 56 de
1105 2012 93 57 faire
1227 2013 71 57 une
1325 2014 175 58 nouvelle
1515 2017 151 57 victime
1683 2018 93 57 dans
1793 2020 37 56 la
1849 2020 181 58 personne
2047 2023 89 56 d'un
2153 2023 189 59 directeur
2357 2026 47 56 de
2425 2027 149 57 journal
2599 2029 47 56 de
2671 2029 37 57 la
2733 2030 177 58 province
2935 2032 47 57 de

709 2070 261 58 Luxembourg
973 2072 9 56 .
1003 2073 29 56 Il
1051 2073 107 57 s'agit
1175 2074 47 57 de
1239 2075 47 57 M.
1305 2076 111 57 Josen
1421 2077 9 56 ,
1447 2077 225 58 journaliste
1689 2080 107 57 belge
1813 2081 45 56 de
1877 2082 115 57 grand
2011 2083 131 57 mérite
2161 2085 37 56 et
2215 2085 65 57 qui
2307 2086 99 57 avait
2419 2087 87 57 joué
2511 2088 9 56 ,
2537 2089 175 57 jusqu'au
2739 2091 171 57 moment
2935 2093 47 56 de

710 2136 36 62 la
764 2136 132 62 guerre
902 2136 8 62 ,
932 2136 50 62 un
1000 2136 116 62 grand
1136 2136 78 62 rôle
1234 2136 182 62 politique
1434 2136 92 62 dans
1544 2136 96 62 cette
1658 2136 172 62 province
1831 2136 13 62 .

806 2207 72 55 Dès
897 2207 252 58 l'occupation
1176 2210 47 55 de
1248 2211 38 55 la
1310 2211 180 57 Belgique
1493 2213 9 55 ,
1522 2213 48 56 M.
1589 2214 112 56 Josen
1718 2215 93 56 était
1828 2216 73 56 mis
1918 2217 67 56 par
2002 2218 54 55 les
2074 2218 180 58 autorités
2272 2221 198 56 militaires
2488 2223 231 57 allemandes
2744 2225 65 56 sur
2833 2226 38 55 la
2895 2227 88 55 liste

709 2264 67 58 des
805 2265 167 59 suspects
1001 2267 91 59 qu'il
1119 2268 121 60 fallait
1265 2269 343 63 particulièrement
1633 2274 197 60 surveiller
1833 2276 9 58 .
1863 2276 89 59 Mais
1977 2278 27 58 il
2031 2278 39 58 se
2095 2279 119 59 tenait
2239 2281 65 58 sur
2329 2282 59 58 ses
2413 2283 131 59 gardes
2548 2284 9 58 ,
2577 2284 63 59 car
2657 2285 27 58 il
2703 2286 117 59 savait
2845 2287 75 59 que
2945 2288 37 59 le

709 2326 173 55 moindre
901 2328 167 55 prétexte
1085 2329 159 57 suffirait
1261 2332 71 54 aux
1349 2333 215 56 Allemands
1581 2335 95 55 pour
1695 2337 167 55 l'arrêter
1867 2339 7 54 ,
1897 2339 173 56 l'accuser
2087 2341 265 57 d'espionnage
2377 2344 37 55 et
2441 2345 51 54 lui
2519 2346 93 55 faire
2639 2347 103 55 subir
2767 2349 37 54 le
2829 2349 79 55 sort
2933 2350 47 55 de

709 2388 83 54 tant
809 2389 45 54 de
871 2390 61 54 ses
949 2390 245 57 malheureux
1211 2394 265 57 compatriotes
1493 2397 65 55 qui
1575 2398 67 55 ont
1649 2399 121 55 laissé
1789 2401 81 54 leur
1885 2402 59 54 vie
1961 2403 87 54 sous
2065 2404 53 54 les
2135 2405 119 55 balles
2271 2406 241 57 prussiennes
2514 2409 9 54 .

807 2462 73 53 Des
905 2463 185 55 semaines
1116 2466 38 53 et
1179 2467 66 53 des
1270 2468 96 54 mois
1391 2469 194 56 passèrent
1588 2472 9 53 .
1625 2472 54 54 En
1709 2474 85 53 vain
1824 2475 56 54 les
1904 2476 212 56 Allemands
2127 2479 248 56 -attendaient
2400 2483 194 55 l'occasion
2621 2486 96 54 pour
2744 2487 11 53 «
2791 2488 93 54 faire
2910 2489 69 54 son

709 2523 129 56 affaire
856 2525 17 54 »
897 2525 21 54 à
935 2526 59 54 cet
1011 2527 151 55 homme
1179 2528 207 56 courageux
1389 2530 11 54 ,
1423 2531 93 55 mais
1535 2532 161 55 prudent
1725 2534 39 54 et
1781 2534 225 56 circonspect
2011 2537 7 54 ,
2039 2537 195 56 l'occasion
2253 2539 49 54 ne
2317 2540 81 54 vint
2415 2541 65 54 pas
2485 2541 7 54 .
2511 2542 109 55 Aussi
2633 2543 217 56 décidèrent
2851 2545 15 54 -
2867 2545 47 55 ils
2931 2546 49 54 de

710 2588 179 56 procéder
906 2589 67 56 par
991 2589 48 56 un
1060 2590 45 56 de
1124 2590 58 56 ces
1201 2590 113 57 coups
1332 2591 122 57 lâches
1473 2592 37 56 et
1527 2592 161 57 infâmes
1707 2593 90 57 dont
1815 2594 46 56 ils
1879 2594 198 57 possèdent
2095 2596 98 56 seuls
2211 2596 35 56 la
2266 2596 167 57 maîtrise
2439 2597 6 56 .

805 2658 31 56 Il
859 2658 21 56 y
895 2659 21 56 a
935 2659 49 56 un
1001 2660 95 57 mois
1111 2661 45 57 M.
1171 2662 111 57 Josen
1299 2663 109 58 ayant
1433 2665 213 58 l'intention
1661 2668 49 56 de
1723 2668 129 58 passer
1865 2670 45 56 en
1927 2671 179 58 Hollande
2123 2673 41 56 se
2181 2674 125 57 rendit
2319 2675 23 56 à
2353 2676 113 57 Arlon
2479 2677 39 57 et
2531 2678 41 56 se
2585 2679 175 57 présenta
2773 2681 49 56 au
2835 2681 143 58 bureau

709 2714 49 58 du
771 2714 185 61 capitaine
960 2717 9 58 ,
987 2717 87 59 chef
1083 2719 47 58 de
1143 2720 35 58 la
1199 2720 323 63 Kommandantur
1524 2725 7 58 ,
1549 2725 97 59 pour
1659 2727 39 58 se
1711 2727 95 60 faire
1819 2729 159 60 délivrer
1991 2731 49 59 un
2055 2732 193 61 passeport
2252 2735 9 58 .

805 2792 51 58 Le
881 2792 237 62 Hauptmann
1147 2795 117 60 reçoit
1277 2797 47 58 M.
1339 2798 109 59 Josen
1467 2799 77 59 très
1561 2800 185 60 poliment
1765 2802 39 59 et
1809 2803 7 58 ,
1839 2803 105 59 après
1971 2805 101 59 avoir
2097 2806 173 60 examiné
2295 2808 59 59 ses
2381 2809 147 60 papiers
2532 2811 9 58 ,
2563 2811 41 58 se
2621 2812 147 59 déclare
2787 2814 81 59 prêt
2889 2815 21 58 à
2923 2815 53 59 lui

708 2856 162 60 délivrer
884 2856 34 60 le
932 2856 194 60 passeport
1140 2856 184 60 demandé
1328 2856 8 60 .
1354 2856 88 60 Mais
1458 2856 228 60 subitement
1700 2856 26 60 il
1742 2856 38 60 se
1796 2856 78 60 lève
1890 2856 36 60 et
1940 2856 54 60 dit
2012 2856 8 60 :

864 2928 161 58 Excusez
1027 2929 14 57 -
1043 2929 78 58 moi
1135 2930 96 58 pour
1243 2932 50 57 un
1308 2932 169 59 moment
1481 2934 8 57 ,
1507 2934 65 58 j'ai
1586 2935 51 58 un
1651 2936 111 58 ordre
1776 2937 22 57 à
1810 2938 145 58 donner
1967 2939 132 59 dehors
2104 2941 8 57 ,
2130 2941 38 57 je
2176 2942 83 57 suis
2272 2943 85 57 tout
2369 2944 46 57 de
2429 2944 96 58 suite
2540 2945 21 57 à
2572 2946 93 58 vous
2671 2947 8 57 .

803 2997 31 53 Il
848 2997 80 54 sort
939 2999 158 55 laissant
1108 3001 48 53 M.
1170 3002 112 54 Josen
1296 3003 80 54 seul
1391 3005 92 54 dans
1497 3006 67 54 son
1579 3007 142 55 bureau
1724 3009 8 53 .
1749 3010 31 53 Il
1798 3010 184 56 s'absente
2000 3013 21 53 à
2037 3014 109 54 peine
2159 3015 99 54 deux
2271 3016 168 56 minutes
2435 3019 13 53 ,
2465 3019 144 55 revient
2611 3021 8 53 ,
2638 3022 183 55 s'installe
2839 3025 139 54 devant

708 3066 41 54 sa
761 3066 100 54 table
876 3066 38 54 et
927 3066 105 54 signe
1050 3066 34 54 le
1099 3066 194 54 passeport
1307 3066 48 54 du
1368 3066 155 54 visiteur
1527 3066 8 54 .

865 3131 91 55 Mais
969 3132 50 55 où
1032 3133 58 55 est
1103 3134 95 55 donc
1216 3136 37 54 le
1266 3137 127 55 cachet
1410 3139 46 54 de
1470 3140 36 54 la
1526 3140 323 59 Kommandantur
1861 3145 16 54 ?
1895 3146 127 55 s'écrie
2025 3148 11 54 -
2040 3148 14 54 t
2054 3148 14 54 -
2071 3148 27 55 il
2124 3149 272 58 brusquement
2398 3153 9 54 ,
2428 3154 38 54 et
2479 3154 27 55 il
2524 3155 40 54 se
2579 3156 77 55 met
2670 3157 21 54 à
2704 3157 152 57 fouiller
2882 3160 93 55 dans

707 3199 54 54 les
775 3198 148 55 papiers
939 3197 164 55 amassés
1117 3196 134 55 devant
1265 3196 52 54 lui
1323 3196 8 54 .

866 3266 48 56 Le
928 3266 128 57 cachet
1070 3267 58 56 n'y
1142 3268 58 56 est
1218 3268 64 57 pas
1294 3269 6 56 !
1320 3269 109 57 hurle
1434 3270 10 56 -
1451 3270 10 56 t
1468 3270 10 56 -
1483 3270 22 56 il
1517 3271 10 56 !
1546 3271 90 56 c'est
1648 3271 92 57 vous
1754 3272 64 57 qui
1834 3273 110 57 l'avez
1958 3274 82 56 volé
2050 3275 6 56 !

802 3338 47 54 Et
865 3338 29 55 il
920 3339 31 54 se
965 3340 95 55 jette
1077 3341 64 55 sur
1157 3342 47 55 M.
1224 3343 111 55 Josen
1340 3344 9 54 ,
1370 3345 147 55 appelle
1534 3346 97 56 deux
1649 3348 221 57 gendarmes
1888 3351 64 55 qui
1970 3352 194 57 accourent
2168 3355 7 54 .
2198 3355 57 55 On
2274 3356 131 57 fouille
2422 3358 35 54 le
2474 3359 213 56 prisonnier
2704 3362 48 54 en
2770 3363 55 54 lui
2842 3363 133 56 tenant

706 3406 56 41 les
787 3406 86 41 bras
898 3407 38 41 et
1031 3406 291 41 naturellement
1325 3406 10 40 !
1363 3404 45 57 -
1431 3405 47 56 on
1501 3406 131 57 trouve
1655 3408 35 56 le
1713 3409 135 57 timbre
1879 3411 47 56 ou
1953 3412 119 58 plutôt
2099 3414 47 57 un
2169 3415 65 57 des
2259 3416 221 60 gendarmes
2503 3420 35 56 le
2561 3421 15 56 «
2595 3421 115 58 retire
2725 3423 19 56 »
2771 3424 113 57 d'une
2907 3426 67 56 des

703 3464 140 54 poches
861 3465 228 55 extérieures
1108 3466 49 55 du
1176 3467 242 55 malheureux
1433 3469 222 55 journaliste
1673 3470 106 55 belge
1785 3471 7 54 .

807 3533 107 58 Celui
915 3534 15 57 -
932 3534 33 58 ci
992 3535 21 57 a
1037 3536 97 58 beau
1160 3538 96 58 crier
1259 3539 8 57 ,
1295 3540 186 59 protester
1482 3542 10 57 ,
1520 3543 136 59 inutile
1664 3545 8 57 !
1701 3545 31 58 Il
1758 3546 58 58 est
1841 3547 121 59 arrêté
1987 3550 38 57 et
2053 3551 174 59 emmené
2230 3553 9 57 ,
2266 3554 188 59 menottes
2480 3557 70 57 aux
2576 3558 122 59 mains
2702 3560 9 57 ,
2739 3560 22 57 à
2786 3561 37 57 la
2848 3562 129 58 prison

707 3593 149 56 d'Arlon
862 3595 8 55 .
890 3595 55 55 En
970 3596 124 56 même
1115 3598 122 56 temps
1242 3600 8 55 ,
1272 3600 109 56 ordre
1404 3602 57 55 est
1484 3603 125 56 donné
1633 3605 46 55 de
1700 3606 316 59 perquisitionner
2037 3610 46 55 au
2107 3611 175 57 domicile
2306 3614 46 55 de
2375 3614 45 56 M.
2441 3615 110 56 Josen
2556 3617 7 55 .
2585 3617 45 56 Et
2648 3618 36 55 là
2688 3619 8 55 ,
2719 3619 48 55 on
2791 3620 184 57 découvre

706 3662 46 48 -
772 3662 146 48 comme
936 3662 100 48 seuls
1054 3662 54 48 les
1126 3662 212 48 Allemands
1358 3662 128 48 savent
1504 3662 192 48 découvrir
1779 3669 48 49 un
1851 3669 127 52 chiffre
1996 3672 117 51 secret
2121 3674 7 49 ;
2156 3674 48 50 on
2229 3676 11 49 «
2264 3676 182 52 découvre
2461 3679 18 49 »
2506 3680 100 50 aussi
2624 3682 36 49 le
2677 3682 189 52 brouillon
2884 3685 89 50 d'un

705 3717 247 59 télégramme
973 3720 129 58 chiffré
1126 3722 65 57 qui
1214 3723 57 57 est
1293 3724 156 58 aussitôt
1472 3725 178 60 déchiffré
1674 3728 21 57 à
1715 3729 111 58 l'aide
1850 3730 46 58 de
1918 3731 96 58 cette
2030 3733 79 57 clef
2099 3733 13 57 ,
2138 3734 39 57 et
2198 3735 65 57 qui
2284 3736 168 58 contient
2473 3738 64 57 des
2559 3739 193 59 nouvelles
2775 3742 200 59 militaires

705 3780 248 58 importantes
959 3781 7 57 ,
989 3781 20 57 à
1027 3781 175 58 l'adresse
1221 3782 65 57 des
1304 3782 282 58 commandants
1605 3783 65 58 des
1689 3784 144 57 armées
1852 3784 126 58 alliées
1983 3785 10 57 .

802 3852 51 54 Le
876 3853 87 54 tour
984 3854 58 54 est
1061 3855 95 55 joué
1153 3856 14 54 !
1191 3857 47 54 M.
1262 3857 109 56 Josen
1378 3859 8 54 ,
1413 3859 140 56 envoyé
1577 3861 181 56 quelques
1778 3864 105 55 jours
1905 3866 208 56 seulement
2134 3868 108 56 après
2268 3870 68 55 son
2364 3871 220 57 arrestation
2611 3874 136 56 devant
2770 3876 37 55 le
2832 3877 142 56 conseil

706 3916 46 54 de
770 3916 132 55 guerre
922 3917 186 55 allemand
1115 3919 7 54 ,
1144 3919 56 54 est
1219 3919 206 56 condamné
1445 3921 21 54 à
1484 3921 98 55 mort
1588 3922 7 54 ,
1617 3922 95 55 pour
1730 3923 111 55 haute
1859 3924 164 55 trahison
2037 3925 6 54 !

802 3985 51 56 La
870 3985 288 61 condamnation
1176 3990 57 57 fut
1250 3991 144 58 connue
1411 3994 38 56 et
1461 3995 191 58 provoqua
1670 3998 74 57 une
1761 3999 137 58 grande
1915 4001 164 58 émotion
2098 4004 122 58 parmi
2237 4006 38 56 la
2291 4007 219 59 population
2514 4010 8 56 .
2539 4011 166 58 Aussitôt
2722 4013 74 57 une
2812 4015 159 58 pétition

704 4043 41 57 se
762 4044 143 58 couvrit
922 4046 46 57 de
985 4047 190 60 centaines
1193 4050 46 57 de
1257 4051 208 60 signatures
1482 4054 229 61 demandant
1727 4058 36 57 la
1780 4059 106 58 grâce
1904 4061 48 57 du
1970 4062 205 60 condamné
2179 4065 8 57 .
2209 4066 67 57 Cet
2294 4067 81 58 acte
2396 4068 46 58 de
2460 4069 157 59 courage
2634 4072 47 57 de
2699 4073 36 57 la
2751 4074 219 60 population

703 4106 49 56 ne
769 4106 113 58 laissa
905 4108 65 57 pas
989 4109 331 61 d'impressionner
1341 4114 53 56 les
1415 4115 213 58 bourreaux
1631 4118 9 56 .
1665 4118 103 57 Cette
1791 4120 69 57 fois
1883 4121 45 56 ils
1951 4122 187 58 n'osèrent
2157 4125 67 56 pas
2249 4126 93 57 aller
2355 4127 173 58 jusqu'au
2547 4130 91 57 bout
2655 4131 47 56 de
2721 4132 37 56 la
2781 4132 173 59 sentence
2959 4135 11 56 .

703 4164 45 56 Et
765 4165 127 57 l'arrêt
909 4167 47 56 de
973 4168 101 57 mort
1091 4169 57 57 fut
1165 4170 225 59 transformé
1407 4174 47 56 en
1473 4175 73 56 une
1565 4176 285 60 condamnation
1871 4180 19 56 à
1909 4181 35 56 la
1961 4182 183 58 réclusion
2163 4185 233 59 perpétuelle
2400 4188 9 56 .

799 4260 75 57 Der
901 4261 19 56 «
947 4262 113 58 Matin
1089 4264 17 56 »
1112 4265 9 56 ,
1145 4265 67 57 der
1237 4267 405 62 bezeichnenderweise
1661 4274 109 57 nicht
1793 4276 137 58 einmal
1957 4279 71 56 den
2055 4280 181 59 richtigen
2261 4283 144 59 Namen
2432 4286 123 58 seines
2581 4288 233 61 Schützlings
2839 4293 117 58 kennt
2958 4295 11 56 ,

703 4320 153 62 beweist
881 4323 115 61 durch
1023 4325 103 61 diese
1143 4327 339 67 Veröffentlichung
1507 4333 83 61 aufs
1615 4335 105 62 Neue
1715 4337 14 60 ,
1749 4337 85 62 dass
1853 4339 43 61 er
1913 4340 101 62 nicht
2040 4342 105 62 mehr
2166 4344 43 61 zu
2235 4346 221 63 denjenigen
2479 4350 201 63 Zeitungen
2702 4354 201 63 gerechnet
2926 4357 43 61 zu

701 4384 151 55 werden
869 4386 173 56 wünscht
1037 4389 13 54 ,
1077 4389 71 55 mit
1171 4391 119 55 denen
1313 4393 77 55 sich
1409 4394 219 57 anständige
1645 4398 193 56 Menschen
1859 4401 245 57 auseinander
2117 4405 117 55 setzen
2243 4407 11 54 .
2275 4407 77 55 Nur
2369 4409 65 55 um
2453 4410 59 54 die
2530 4411 113 55 ganze
2661 4412 311 60 Erbärmlichkeit

703 4446 125 57 seines
855 4447 181 60 Angriffes
1077 4451 67 57 auf
1177 4453 63 56 die
1275 4454 193 59 Integrität
1507 4458 197 58 deutscher
1741 4461 251 61 Rechtspflege
2029 4465 257 60 überzeugend
2329 4470 45 56 zu
2411 4471 206 60 offenbaren
2627 4474 13 56 ,
2684 4475 56 57 sei
2777 4477 195 58 folgendes

703 4511 221 54 festgestellt
943 4511 11 50 :

799 4582 43 52 In
887 4583 85 54 dem
1011 4585 151 54 Prozess
1162 4587 14 52 ,
1215 4588 41 52 in
1297 4589 87 54 dem
1417 4591 67 53 der
1507 4592 187 55 belgische
1719 4595 201 55 Journalist
1949 4599 75 52 und
2051 4600 267 56 Provinzialrat
2349 4605 159 54 Camille
2531 4607 103 54 Joset
2671 4609 66 53 aus
2767 4611 112 53 Arlon
2908 4613 59 53 am

705 4642 58 58 15.
783 4643 101 59 April
907 4644 93 59 1915
1017 4646 233 61 einstimmig
1265 4649 127 60 wegen
1419 4651 211 61 Diebstahls
1655 4654 103 59 eines
1785 4656 305 62 Dienststempels
2115 4660 45 59 zu
2185 4661 107 59 einer
2309 4663 317 62 Gefängnisstrafe
2643 4667 73 59 von
2733 4669 81 58 drei
2831 4670 137 59 Jahren

703 4708 75 58 und
793 4709 127 59 wegen
939 4711 185 60 Spionage
1137 4714 83 58 zum
1239 4715 99 59 Tode
1349 4716 197 62 verurteilt
1557 4719 151 60 worden
1721 4722 49 58 ist
1774 4722 7 58 ,
1799 4723 65 58 hat
1875 4724 65 58 das
1957 4725 141 59 erstere
2111 4726 193 62 Vergehen
2329 4730 73 59 nur
2425 4731 85 59 eine
2537 4733 313 62 untergeordnete
2863 4737 109 59 Rolle

704 4770 162 59 gespielt
861 4771 15 58 .
902 4772 345 62 Ausschlaggebend
1271 4776 49 59 ist
1345 4777 169 60 gewesen
1520 4779 8 58 ,
1561 4780 85 58 dass
1675 4781 101 59 Joset
1805 4783 104 59 einer
1933 4784 223 61 feindlichen
2187 4787 121 59 Macht
2332 4789 86 58 eine
2448 4790 170 60 geheime
2650 4792 199 61 Nachricht
2877 4795 95 59 über

703 4826 177 62 deutsche
909 4829 423 67 Truppenbewegungen
1359 4836 165 62 gegeben
1549 4839 67 61 hat
1618 4840 9 60 ,
1659 4841 61 61 ein
1751 4842 229 64 Verbrechen
2019 4847 65 60 das
2118 4848 41 61 er
2186 4849 113 63 nicht
2317 4851 72 61 nur
2413 4853 38 60 in
2475 4854 68 61 der
2575 4855 382 66 Hauptverhandlung
2954 4862 15 60 ,

703 4888 163 60 sondern
885 4891 93 59 auch
1001 4892 39 59 in
1057 4893 87 60 dem
1171 4895 47 59 an
1243 4896 73 59 den
1333 4898 119 59 Herrn
1481 4900 391 64 Generalgouverneur
1887 4907 227 61 gerichteten
2139 4910 317 64 Gnadengesuche
2483 4916 41 59 in
2551 4918 96 59 allen
2674 4920 131 59 seinen
2831 4922 142 60 Einzel

704 4950 128 56 heiten
850 4952 97 56 offen
962 4954 267 58 eingestanden
1246 4958 65 56 hat
1313 4959 9 55 .
1338 4959 265 59 Erschwerend
1617 4963 62 57 fiel
1693 4965 107 56 dabei
1813 4967 58 55 ins
1885 4968 162 57 Gewicht
2050 4970 8 55 ,
2076 4971 84 56 dass
2173 4972 68 56 der
2255 4973 198 58 Schuldige
2466 4977 65 55 das
2544 4978 207 58 besondere
2763 4981 206 58 Vertrauen

705 5008 65 55 der
815 5010 203 57 deutschen
1055 5014 195 57 Behörden
1287 5018 127 56 besass
1418 5020 9 54 ,
1477 5021 85 55 dass
1603 5023 41 55 er
1687 5025 65 55 auf
1785 5027 123 56 Grund
1953 5030 120 55 dieser
2114 5032 125 56 seiner
2283 5035 391 62 Vertrauensstellung
2713 5043 259 59 weitgehende

702 5076 344 58 Vergünstigungen
1095 5076 136 58 genoss
1230 5076 17 58 ,
1288 5076 74 58 und
1394 5076 94 58 dass
1535 5086 41 52 er
1619 5087 133 54 gerade
1801 5090 119 53 dieses
1966 5091 192 56 Vertrauen
2211 5096 115 53 durch
2373 5098 85 53 eine
2503 5099 171 55 geheime
2721 5103 107 53 Reise
2877 5105 93 53 nach

696 5132 228 62 Frankreich
967 5137 215 60 schmählich
1227 5141 192 60 getäuscht
1455 5145 74 58 hat
1527 5146 11 57 .
1582 5147 119 58 Wenn
1744 5150 60 57 die
1839 5151 201 60 verhängte
2072 5155 235 60 Todesstrafe
2337 5159 182 60 trotzdem
2554 5163 53 57 im
2640 5164 257 61 Gnadenwege
2930 5169 40 57 in

701 5194 335 58 lebenslängliches
1061 5199 207 57 Zuchthaus
1303 5202 229 58 verwandelt
1569 5206 147 56 worden
1747 5209 49 54 ist
1798 5210 9 54 ,
1841 5210 41 55 so
1921 5211 63 55 hat
2021 5213 65 55 der
2123 5214 225 57 Verurteilte
2383 5218 81 55 dies
2497 5220 73 55 nur
2597 5221 87 56 dem
2715 5223 181 56 Umstand
2924 5226 45 54 zu

701 5254 209 59 verdanken
916 5257 9 56 ,
965 5258 85 57 dass
1083 5260 41 56 er
1157 5260 217 60 aufrichtige
1411 5265 103 57 Reue
1541 5267 95 57 über
1669 5269 103 57 seine
1813 5271 133 58 Schuld
1989 5274 141 58 gezeigt
2177 5277 71 57 und
2289 5279 87 57 dass
2421 5281 43 56 er
2498 5282 78 57 sich
2622 5284 72 57 seit
2731 5286 143 58 Beginn
2905 5288 64 57 des

704 5316 151 58 Krieges
886 5318 229 60 anerkannte
1143 5322 217 59 Verdienste
1385 5326 65 57 um
1478 5327 65 57 das
1570 5329 221 59 allgemeine
1819 5332 108 58 Wohl
1953 5334 190 59 erworben
2179 5338 66 56 hat
2248 5339 11 56 .

800 5393 99 43 Nach
939 5395 158 45 alledem
1137 5398 85 43 darf
1254 5400 41 43 es
1345 5398 85 56 dem
1483 5399 413 62 Gerechtigkeitsgefühl
1939 5405 65 57 des
2045 5406 223 60 Publikums
2315 5410 215 59 überlassen
2581 5414 149 57 bleiben
2734 5416 9 56 ,
2789 5417 77 56 sich
2909 5418 61 57 ein

704 5449 118 56 Urteil
868 5451 160 58 darüber
1068 5455 45 55 zu
1147 5456 132 57 bilden
1284 5458 8 55 ,
1342 5459 72 56 mit
1450 5461 166 58 welchen
1658 5465 216 58 vergifteten
1911 5469 142 57 Waffen
2100 5472 66 56 der
2206 5474 138 57 Kampf
2377 5477 117 56 gegen
2538 5479 60 56 die
2640 5481 97 56 Ehre
2775 5483 198 59 deutscher

697 5510 177 54 Offiziere
899 5513 73 53 und
999 5515 179 54 Beamten
1205 5518 147 54 geführt
1379 5521 92 53 wird
1475 5523 11 52 .

5948 3653 19 27 a

708 3686 2 8 -

4893 4424 3 10 -

3277 4397 53 53 De
3351 4397 10 53 «
3396 4397 113 53 Matin
3537 4398 10 53 »
3563 4398 7 53 ,
3593 4398 60 53 die
3672 4398 78 53 niet
3776 4398 89 54 eens
3883 4399 72 53 den
3980 4399 132 54 echten
4132 4400 110 53 naam
4263 4400 70 54 van
4353 4401 70 53 zijn
4446 4401 298 54 beschermeling
4762 4402 88 54 kent
4855 4403 7 53 ,
4964 4402 74 44 wat
5052 4402 266 45 kenschetsend
5348 4403 30 44 is
5386 4403 8 44 ,

3178 4458 144 62 bewijst
3340 4458 82 62 hier
3450 4458 192 62 nogmaals
3648 4458 6 62 ,
3678 4458 62 62 dat
3762 4458 51 62 hij
3834 4458 76 62 niet
3934 4458 104 62 meer
4060 4458 51 62 bij
4140 4458 46 62 de
4208 4458 206 62 dagbladen
4434 4458 164 62 wenscht
4624 4458 36 62 te
4686 4458 146 62 worden
4858 4458 181 62 gerekend
5043 4458 13 62 ,
5078 4458 78 62 met
5180 4458 164 62 dewelke
5368 4458 92 62 goed

3179 4522 212 55 opgevoede
3407 4520 124 55 lieden
3551 4519 132 55 plegen
3705 4519 36 54 te
3759 4518 96 54 doen
3875 4517 36 54 te
3929 4516 140 55 hebben
4079 4515 10 54 .

3276 4590 70 58 Wij
3368 4590 134 58 stellen
3520 4591 64 58 het
3599 4591 182 59 volgende
3800 4592 80 58 vast
3884 4592 8 58 ,
3914 4592 120 59 alleen
4062 4593 60 58 om
4152 4593 64 59 het
4240 4594 240 59 erbarmelijk
4500 4595 68 58 van
4596 4595 70 58 zijn
4696 4596 130 58 aanval
4854 4596 46 58 op
4920 4597 44 58 de
4984 4597 352 59 rechtschapenheid
5358 4598 38 59 in
5416 4599 46 58 de

3178 4656 176 58 Duitsche
3372 4656 274 58 rechtspleging
3664 4656 102 58 klaar
3784 4656 46 58 en
3850 4656 180 58 duidelijk
4050 4656 68 58 aan
4138 4656 46 58 de
4204 4656 92 58 kaak
4314 4656 38 58 te
4370 4656 134 58 stellen
4526 4656 8 58 :

3272 4738 42 56 In
3346 4738 62 56 het
3444 4738 134 57 geding
3582 4739 8 56 ,
3614 4739 138 57 waarin
3772 4740 44 56 de
3836 4741 192 57 Belgische
4048 4742 336 58 dagbladschrijver
4412 4744 141 56 Kamiel
4582 4745 102 56 Joset
4702 4745 56 57 uit
4776 4746 127 56 Aarlen
4911 4746 12 56 ,
4940 4747 48 56 op
5008 4747 44 56 15
5070 4747 100 57 April
5190 4748 92 56 1915
5288 4749 8 56 ,
5314 4749 148 56 wegens

3180 4802 146 64 diefstal
3344 4802 70 64 van
3434 4802 68 64 een
3522 4802 284 64 dienststempel
3818 4802 70 64 tot
3914 4802 20 64 3
3960 4802 80 64 jaar
4068 4802 320 64 gevangenisstraf
4410 4802 44 64 en
4479 4802 156 64 wegens
4658 4802 216 64 bespieding
4894 4802 56 64 ter
4968 4802 96 64 dood
5082 4802 242 64 veroordeeld
5346 4802 102 64 werd
5452 4802 12 64 ,

3180 4860 100 56 heeft
3302 4860 64 56 het
3388 4860 120 57 eerste
3530 4861 160 57 vergrijp
3714 4862 134 56 slechts
3870 4862 68 57 een
3965 4862 328 58 ondergeschikten
4320 4864 54 56 rol
4402 4865 172 56 gespeeld
4582 4865 8 56 .
4618 4866 70 56 Het
4718 4866 66 56 feit
4808 4866 62 57 dat
4892 4867 102 56 Joset
5018 4867 170 57 geheime
5214 4868 244 57 inlichtingen

3180 4925 88 63 over
3285 4925 174 63 Duitsche
3477 4925 398 63 troepenbewegingen
3894 4925 99 63 heeft
4011 4925 183 63 verstrekt
4214 4925 68 63 aan
4301 4925 69 63 een
4389 4925 264 63 vijandelijken
4678 4925 103 63 Staat
4786 4925 7 63 ,
4815 4925 158 63 hetgeen
4996 4925 52 63 hij
5073 4925 138 63 zoowel
5235 4925 137 63 tijdens
5396 4925 65 63 het

3179 4987 159 61 verhoor
3343 4987 7 61 ,
3382 4987 53 61 als
3461 4987 37 61 in
3530 4987 73 61 zijn
3635 4987 69 61 aan
3735 4987 72 61 den
3834 4987 97 61 Heer
3948 4987 404 61 Generalgouverneur
4383 4987 139 61 gericht
4542 4987 411 61 genadesmeekschrift
4978 4987 37 61 in
5045 4987 72 61 alle
5157 4987 300 61 bizonderheden

3180 5044 166 56 openlijk
3364 5044 100 57 heeft
3486 5045 142 56 bekend
3636 5045 8 56 ,
3666 5045 64 56 gaf
3750 5046 70 56 den
3844 5046 176 57 doorslag
4018 5047 13 56 .
4050 5047 62 56 Als
4130 5047 256 57 verzwarende
4410 5048 300 58 omstandigheid
4734 5049 118 57 kwam
4876 5050 141 56 daarbij
5042 5050 72 57 nog
5138 5051 36 56 in
5200 5051 242 57 aanmerking
5448 5052 8 56 ,

3180 5104 64 60 dat
3262 5104 46 60 de
3326 5104 176 62 plichtige
3524 5105 64 60 het
3616 5105 178 61 bizonder
3824 5106 232 61 vertrouwen
4090 5107 64 61 der
4174 5108 174 60 Duitsche
4368 5109 172 60 overheid
4562 5109 104 61 bezat
4672 5110 6 60 ,
4702 5110 62 60 dat
4786 5110 50 61 hij
4872 5111 306 61 dientengevolge
5208 5112 252 61 verregaande

3186 5166 215 66 voordeelen
3434 5166 138 66 genoot
3588 5166 46 66 en
3654 5166 64 66 dat
3736 5166 50 66 hij
3804 5166 92 66 juist
3914 5166 54 66 dit
3984 5166 234 66 vertrouwen
4238 5166 48 66 op
4310 5166 254 66 schandelijke
4582 5166 104 66 wijze
4710 5166 226 66 beschaamd
4962 5166 105 66 heeft
5061 5166 15 66 ,
5100 5166 78 66 met
5198 5166 40 66 in
5258 5166 8 66 '
5268 5166 16 66 t
5310 5166 148 66 geheim

3180 5228 66 66 een
3268 5228 72 66 reis
3360 5228 90 66 naar
3468 5228 194 66 Frankrijk
3680 5228 38 66 te
3736 5228 254 66 ondernemen
3998 5228 6 66 .
4036 5228 128 66 Indien
4190 5228 64 66 het
4280 5228 154 66 gevelde
4462 5228 230 66 doodvonnis
4720 5228 318 66 desnietondanks
5068 5228 92 66 door
5186 5228 272 66 begenadiging

3168 5288 48 62 in
3232 5288 238 62 levenslange
3484 5288 288 62 tuchthuisstraf
3786 5288 98 62 werd
3906 5288 205 62 veranderd
4114 5288 12 62 ,
4154 5288 70 62 dan
4248 5288 98 62 heeft
4366 5288 44 62 de
4430 5288 266 62 veroordeelde
4716 5288 102 62 zulks
4832 5288 110 62 enkel
4960 5288 48 62 en
5024 5288 118 62 alleen
5158 5288 36 62 te
5214 5288 144 62 danken
5388 5288 70 62 aan

3179 5351 64 55 het
3258 5351 66 55 feit
3338 5351 63 55 dat
3418 5351 50 56 hij
3487 5352 152 55 oprecht
3653 5352 151 56 berouw
3818 5353 161 56 getoond
3995 5354 101 55 heeft
4111 5354 88 55 over
4215 5355 71 55 zijn
4303 5354 168 57 misdaad
4491 5356 47 55 en
4566 5356 63 55 dat
4649 5356 50 55 hij
4729 5357 77 55 zich
4832 5357 63 55 van
4915 5357 38 55 in
4976 5358 6 55 '
4986 5358 16 55 t
5019 5358 110 55 begin
5143 5358 70 55 van
5235 5359 71 55 den
5328 5359 130 55 oorlog

3180 5412 82 56 zeer
3276 5412 280 57 verdienstelijk
3568 5413 84 57 wist
3668 5414 34 56 te
3718 5414 134 57 maken
3868 5415 90 56 voor
3974 5415 66 57 het
4052 5416 144 56 welzijn
4212 5416 70 57 van
4298 5417 6 56 '
4310 5417 14 56 t
4338 5417 194 57 algemeen
4538 5418 8 56 .

3276 5482 172 56 Hiermee
3468 5482 98 57 laten
3586 5483 58 56 wij
3666 5483 64 56 het
3744 5484 70 56 aan
3828 5484 196 57 eenieders
4038 5485 492 58 rechtvaardigheidsgevoel
4554 5487 88 56 over
4648 5487 6 56 ,
4678 5487 70 57 een
4770 5488 150 56 oordeel
4938 5489 34 56 te
4988 5489 152 56 vormen
5162 5490 88 56 over
5276 5490 46 56 de
5343 5490 100 57 venij

3178 5546 86 56 nige
3284 5546 296 56 strijdmiddelen
3602 5546 206 56 waarmede
3828 5546 46 56 de
3892 5546 64 56 eer
3972 5546 70 56 van
4058 5546 178 56 Duitsche
4254 5546 188 56 officieren
4462 5546 46 56 en
4528 5546 198 56 beambten
4748 5546 240 56 bezwadderd
5008 5546 120 56 wordt
5132 5546 8 56 .

5770 4399 49 60 Le
5840 4399 13 60 «
5878 4399 112 60 Matin
6011 4399 18 60 »
6037 4399 8 60 ,
6067 4399 65 60 qui
6158 4399 48 60 ne
6227 4399 151 60 connaît
6401 4399 67 60 pas
6491 4399 123 60 même
6636 4399 34 60 le
6689 4399 85 60 nom
6793 4399 105 60 exact
6925 4399 46 60 de
6998 4399 67 60 son
7093 4399 153 60 protégé
7251 4399 7 60 ,
7280 4399 139 60 prouve
7441 4399 73 60 une
7541 4399 70 60 fois
7630 4399 45 60 de
7697 4399 82 60 plus
7797 4399 66 60 par
7888 4399 59 60 cet

5672 4458 128 64 article
5818 4458 90 64 qu'il
5928 4458 60 64 n'a
6006 4458 84 64 plus
6108 4458 36 64 la
6162 4458 214 64 prétention
6396 4458 114 64 d'être
6530 4458 144 64 compté
6704 4458 118 64 parmi
6846 4458 54 64 les
6924 4458 186 64 journaux
7142 4458 84 64 avec
7250 4458 162 64 lesquels
7436 4458 52 64 les
7516 4458 202 64 personnes
7748 4458 142 64 comme
7914 4458 26 64 il

5671 4522 80 38 faut
5767 4523 162 56 peuvent
5948 4523 102 56 avoir
6067 4523 74 56 une
6155 4523 215 56 polémique
6374 4523 9 56 .
6399 4523 109 56 Aussi
6527 4523 47 56 ne
6592 4523 150 56 faisons
6745 4523 22 56 -
6770 4523 69 56 nous
6854 4523 219 56 remarquer
7087 4523 41 56 ce
7143 4523 64 56 qui
7228 4523 73 56 suit
7319 4523 73 56 que
7410 4523 94 56 pour
7519 4523 167 56 montrer
7706 4523 108 56 d'une
7833 4523 105 56 façon

5670 4578 264 62 convaincante
5952 4578 36 62 la
6004 4578 138 62 vilenie
6162 4578 90 62 dont
6270 4578 42 62 ce
6326 4578 150 62 journal
6496 4578 40 62 se
6550 4578 90 62 rend
6658 4578 176 62 coupable
6852 4578 46 62 en
6926 4578 198 62 dénigrant
7142 4578 34 62 le
7194 4578 186 62 caractère
7392 4578 144 62 intègre
7562 4578 46 62 de
7628 4578 36 62 la
7680 4578 260 62 magistrature

5672 4643 211 43 allemande
5904 4644 8 42 :

5764 4720 30 58 Il
5810 4720 56 58 est
5878 4720 80 58 vrai
5972 4720 72 58 que
6050 4720 6 58 ,
6074 4720 36 58 le
6130 4720 44 58 15
6190 4720 90 58 avril
6298 4720 92 58 1915
6396 4720 8 58 ,
6422 4720 36 58 le
6470 4720 218 58 journaliste
6702 4720 104 58 belge
6822 4720 38 58 C.
6878 4720 102 58 Joset
6984 4720 8 58 ,
7014 4720 198 58 conseiller
7228 4720 202 58 provincial
7446 4720 20 58 à
7480 4720 110 58 Arlon
7598 4720 8 58 ,
7624 4720 18 58 a
7658 4720 58 58 été
7732 4720 206 58 condamné

5672 4783 21 58 à
5710 4783 20 58 3
5747 4783 66 58 ans
5827 4783 46 58 de
5886 4783 127 58 prison
6028 4783 95 58 pour
6136 4783 59 58 vol
6211 4783 86 58 d'un
6316 4783 138 58 timbre
6482 4783 132 58 officiel
6629 4783 35 58 et
6685 4783 19 58 à
6718 4783 96 58 mort
6843 4783 94 58 pour
6963 4783 226 58 espionnage
7195 4783 8 58 ,
7222 4783 93 58 mais
7321 4783 6 58 ,
7347 4783 91 58 dans
7464 4783 41 58 ce
7531 4783 128 58 procès
7664 4783 7 58 ,
7692 4783 32 58 la
7751 4783 189 58 première

5671 4844 45 58 de
5741 4844 60 58 ces
5819 4844 97 58 deux
5941 4844 219 58 infractions
6186 4844 61 58 n'a
6263 4844 89 58 joué
6371 4844 114 58 qu'un
6510 4844 79 58 rôle
6607 4844 78 58 tout
6711 4844 20 58 à
6757 4844 68 58 fait
6851 4844 204 58 accessoire
7060 4844 7 58 .
7102 4844 49 58 La
7178 4844 287 58 condamnation
7494 4844 20 58 a
7540 4844 59 58 été
7625 4844 311 58 principalement

5670 4904 160 52 motivée
5840 4904 74 53 par
5936 4905 34 52 le
5990 4905 68 53 fait

5936 4905 35 59 le
5990 4905 68 59 fait
6078 4905 74 59 que
6177 4905 102 59 Joset
6310 4905 21 59 a
6356 4905 265 59 communiqué
6647 4905 19 59 à
6687 4905 71 59 une
6779 4905 196 59 puissance
7002 4905 174 59 ennemie
7203 4905 64 59 des
7295 4905 319 59 renseignements
7641 4905 135 59 secrets
7804 4905 61 59 sur
7879 4905 55 59 les

5670 4964 258 58 mouvements
5964 4964 64 58 des
6064 4964 152 58 troupes
6242 4964 235 58 allemandes
6479 4964 12 58 ;
6522 4964 44 58 en
6600 4964 94 58 plein
6722 4964 162 58 tribunal
6912 4964 38 58 et
6976 4964 92 58 dans
7094 4964 74 58 une
7198 4964 182 58 demande
7408 4964 44 58 en
7480 4964 106 58 grâce
7618 4964 168 58 adressée
7814 4964 20 58 à
7864 4964 66 58 son

5666 5026 216 58 Excellence
5908 5026 34 58 le
5970 5026 242 58 Gouverneur
6238 5026 150 58 général
6396 5026 6 58 ,
6432 5026 102 58 Joset
6566 5026 18 58 a
6612 5026 182 58 d'ailleurs
6824 5026 114 58 avoué
6966 5026 258 58 franchement
7252 5026 100 58 avoir
7382 5026 156 58 commis
7566 5026 34 58 le
7626 5026 114 58 crime
7766 5026 90 58 dont
7882 5026 48 58 on

5666 5086 188 56 l'accusait
5870 5086 38 56 et
5934 5086 26 56 il
5978 5086 48 56 en
6050 5086 20 56 a
6088 5086 124 56 donné
6238 5086 50 56 un
6308 5086 92 56 récit
6426 5086 152 56 détaillé
6584 5086 6 56 .
6614 5086 44 56 Le
6686 5086 158 56 tribunal
6874 5086 20 56 a
6912 5086 48 56 dû
6980 5086 214 56 considérer
7220 5086 146 56 comme
7384 5086 250 56 circonstance
7662 5086 218 56 aggravante
7898 5086 38 56 le

5666 5138 68 68 fait
5750 5138 72 68 que
5840 5138 36 68 le
5894 5138 175 68 coupable
6076 5138 13 68 ,
6108 5138 202 68 possédant
6328 5138 36 68 la
6386 5138 188 68 confiance
6592 5138 156 68 spéciale
6766 5138 64 68 des
6856 5138 178 68 autorités
7054 5138 228 68 allemandes
7302 5138 36 68 et
7354 5138 184 68 jouissant
7556 5138 44 68 de
7628 5138 40 68 ce
7686 5138 86 68 chef
7790 5138 148 68 d'avan

5666 5206 102 60 tages
5786 5206 74 60 très
5880 5206 259 60 appréciables
6133 5206 14 60 ,
6170 5206 20 60 a
6216 5206 252 60 précisément
6486 5206 112 60 abusé
6616 5206 44 60 de
6684 5206 94 60 cette
6798 5206 188 60 confiance
7004 5206 94 60 pour
7116 5206 92 60 faire
7228 5206 48 60 un
7304 5206 138 60 voyage
7462 5206 118 60 secret
7598 5206 46 60 en
7668 5206 134 60 France
7808 5206 8 60 .
7840 5206 38 60 Si
7898 5206 36 60 la

5665 5268 110 58 peine
5805 5268 45 58 de
5881 5268 99 58 mort
6010 5268 22 58 a
6067 5268 59 58 été
6154 5268 128 58 quand
6314 5268 125 58 même
6469 5268 191 58 commuée
6690 5268 46 58 en
6767 5268 184 58 réclusion
6979 5268 231 58 perpétuelle
7215 5268 7 58 ,
7256 5268 101 58 Joset
7373 5268 62 58 ne
7461 5268 78 58 doit
7565 5268 94 58 cette
7690 5268 125 58 faveur
7841 5268 85 58 qu'à

5665 5333 67 56 son
5759 5333 142 56 sincère
5927 5333 167 56 repentir
6115 5333 38 56 et
6171 5333 72 56 aux
6265 5333 159 56 services
6439 5333 166 56 signalés
6622 5333 89 56 qu'il
6731 5333 20 56 a
6769 5333 137 56 rendus
6934 5333 20 56 à
6972 5333 59 56 ses
7053 5333 235 56 concitoyens
7315 5333 130 56 depuis
7463 5333 35 56 le
7521 5333 113 56 début
7659 5333 45 56 de
7728 5333 35 56 la
7781 5333 131 56 guerre
7919 5333 9 56 .

5762 5411 83 55 Ceci
5875 5411 102 55 étant
6008 5411 114 55 établi
6128 5411 7 55 ,
6164 5411 83 55 tout
6278 5411 64 55 qui
6374 5411 122 55 désire
6523 5411 38 55 se
6591 5411 136 55 former
6755 5411 72 55 une
6854 5411 151 55 opinion
7033 5411 213 55 impartiale
7273 5411 131 55 jugera
7439 5411 144 55 comme
7613 5411 28 55 il
7672 5411 169 55 convient
7876 5411 55 55 les

5662 5468 90 56 viles
5778 5468 202 56 calomnies
6004 5468 216 56 auxquelles
6246 5468 160 56 certains
6428 5468 224 56 détracteurs
6672 5468 64 56 ont
6760 5468 148 56 recours
6940 5468 94 56 pour
7056 5468 148 56 essayer
7230 5468 212 56 d'entacher
7466 5468 194 56 l'honneur
7688 5468 62 56 des
7774 5468 156 56 officiers

5664 5532 37 46 et
5719 5532 62 46 des
5800 5532 291 48 fonctionnaires
6111 5534 207 47 allemands
6324 5536 6 46 .

951 5592 184 294 Das
1198 5599 369 300 General
1566 5611 81 290 -
1636 5612 650 308 Gouvernement
2341 5634 89 291 in
2494 5638 344 299 Belgien

2775 5647 88 290 .

3437 5640 172 289 Het
3669 5641 419 293 Generaal
4089 5645 75 289 -
4160 5646 640 294 Gouvernement
4861 5652 83 290 in
5005 5653 307 292 België

5958 5616 114 281 Le
6142 5616 650 286 Gouvernement
6862 5622 347 282 Général
7277 5625 106 280 en
7454 5626 402 283 Belgique

7778 5629 78 281 .

4996 5797 320 148 .
