7248 9531
991 512 1981 249 VERORDNUNG

4293 472 2019 269 VERORDENING

1830 800 284 62 betreffend

3767 819 517 128 betreffende
4363 823 105 124 de
4547 824 374 125 voertaal
4921 826 31 124 ;
4979 826 85 124 in
5127 827 101 124 de
5287 827 505 128 middelbare
5867 830 980 130 onderwijsinrichtingen
6861 836 31 124 .

507 895 129 108 die
699 890 865 112 Unterrichtssprache
1619 889 105 109 an
1783 888 153 109 den
1999 886 405 110 mittleren
2471 881 921 112 Unterrichtsanstalten
3403 881 21 108 .

542 1174 164 76 Unter
730 1174 328 76 Aufhebung
1082 1174 94 76 der
1196 1174 204 76 Artikel
1426 1174 24 76 1
1478 1174 80 76 bis
1582 1174 410 76 einschliesslich
2012 1174 30 76 5
2062 1174 90 76 des
2178 1174 236 76 Gesetzes
2436 1174 116 76 vom
2578 1174 78 76 15.
2680 1174 128 76 Juni
2828 1174 130 76 1883
2980 1174 130 76 über
3128 1174 100 76 den
3250 1174 278 76 Gebrauch

404 1240 94 78 der
532 1240 482 78 niederländisehen
1026 1240 250 78 Sprache
1314 1240 138 78 beim
1492 1240 260 78 mittleren
1792 1240 302 78 Unterricht
2130 1240 52 78 in
2220 1240 262 78 Flandern
2508 1240 106 78 und
2638 1240 92 78 des
2756 1240 236 78 Gesetzes
3018 1240 116 78 vom
3160 1240 78 78 12.
3264 1240 106 78 Mai
3396 1240 132 78 1910

404 1308 132 82 über
560 1308 92 82 das
676 1308 240 82 Studium
940 1308 94 82 der
1058 1308 282 82 modernen
1364 1308 268 82 Sprachen
1650 1308 72 82 im
1750 1308 260 82 mittleren
2052 1308 300 82 Unterricht
2380 1308 228 82 höheren
2636 1308 198 82 Grades
2860 1308 250 82 verordne
3136 1308 86 82 ich
3240 1308 108 82 was
3376 1308 135 82 folgt
3508 1308 21 82 :

1815 1398 204 59 Artikel
2059 1398 22 58 1
2091 1398 14 58 .

538 1464 62 72 In
636 1464 136 72 allen
810 1464 98 72 den
946 1464 244 72 Gesetzen
1228 1464 118 72 vom
1382 1464 46 72 1.
1456 1464 126 72 Juni
1617 1464 121 72 1850
1780 1464 102 72 und
1920 1464 116 72 vom
2062 1464 76 72 15.
2164 1464 126 72 Juni
2318 1464 122 72 1881
2476 1464 428 72 unterliegenden
2934 1464 592 72 Unterrichtsanstalten

402 1534 410 74 einschliesslich
848 1534 94 74 der
974 1534 160 74 ihren
1177 1534 410 74 angegliederten
1626 1534 380 74 Kindergärten
2021 1534 21 74 ,
2054 1534 426 74 vorbereitenden
2510 1534 106 74 und
2642 1534 226 74 anderen
2912 1534 336 74 Abteilungen
3274 1534 132 74 wird
3432 1534 94 74 der

404 1600 304 72 Unterricht
744 1600 52 72 in
832 1600 136 72 allen
1021 1600 220 72 Fächern
1278 1600 52 72 in
1366 1600 94 72 der
1496 1600 482 72 niederländischen
2018 1600 424 72 Landessprache
2468 1600 170 72 erteilt
2678 1600 92 72 mit
2796 1600 302 72 Ausnahme
3124 1600 92 72 der
3242 1600 282 72 modernen

401 1673 448 72 Fremdsprachon
857 1672 10 70 ,
893 1672 84 70 die
1001 1671 54 71 in
1079 1670 176 71 diesen
1281 1668 268 72 Sprachen
1573 1667 162 71 selbst
1759 1664 348 73 unterrichtet
2133 1663 206 71 werden
2369 1662 204 71 können
2579 1661 12 70 .

522 1734 72 70 In
624 1734 112 70 den
782 1734 318 70 Gemeinden
1138 1734 327 70 Anderlecht
1466 1734 19 70 -
1491 1734 240 70 Kuregem
1748 1734 19 70 ,
1812 1734 204 70 Brüssel
2024 1734 12 70 ,
2084 1734 184 70 Elsene
2272 1734 10 70 ,
2320 1734 284 70 Etterbeek
2608 1734 8 70 ,
2654 1734 122 70 Sint
2777 1734 16 70 -
2795 1734 151 70 Gillis
2942 1734 16 70 ,
2996 1734 112 70 Sint
3110 1734 26 70 -
3140 1734 200 70 Pieters
3342 1734 24 70 -
3370 1734 140 70 Jette
3514 1734 12 70 ,

398 1796 114 82 Sint
514 1796 18 82 -
540 1796 146 82 Joost
690 1796 20 82 -
718 1796 84 82 ten
806 1796 20 82 -
830 1796 178 82 Noode
1010 1796 12 82 ,
1060 1796 330 82 Koekelberg
1392 1796 10 82 ,
1442 1796 179 82 Laken
1620 1796 24 82 ,
1668 1796 116 82 Sint
1794 1796 152 82 Jans
1949 1796 21 82 -
1974 1796 301 82 Molenbeek
2279 1796 21 82 ,
2340 1796 334 82 Schaarbeek
2676 1796 12 82 ,
2714 1796 172 82 Ukkel
2914 1796 106 82 und
3052 1796 148 82 Vorst
3226 1796 132 82 wird
3384 1796 142 82 diese

397 1870 358 77 Bestimmung
781 1869 92 77 mit
899 1868 272 77 folgenden
1205 1866 430 78 Abwandlungen
1661 1865 90 76 zur
1775 1863 348 78 Anwendung
2149 1862 252 77 gebracht
2421 1862 10 76 :

528 1950 44 74 1.
610 1950 104 74 Der
748 1950 240 74 Minister
1024 1950 82 74 für
1144 1950 383 74 Wissenschaft
1566 1950 106 74 und
1706 1950 172 74 Kunst
1916 1950 138 74 kann
2094 1950 84 74 für
2215 1950 106 74 eine
2356 1950 76 74 bis
2462 1950 40 74 1.
2528 1950 308 74 September
2862 1950 130 74 1925
3020 1950 280 74 währende
3331 1950 193 74 Ueber

390 2014 262 82 gangszeit
688 2014 284 82 besosdere
1014 2014 268 82 Anstalten
1322 2014 124 82 oder
1486 2014 284 82 besondere
1796 2014 348 82 Abteilungen
2184 2014 94 82 mit
2315 2014 365 82 französischer
2719 2014 558 82 Unterrichtssprache
3292 2014 234 82 zulassen

390 2080 85 80 für
494 2080 92 80 die
608 2080 200 80 Kinder
814 2080 12 80 ,
855 2080 83 80 die
964 2080 368 80 nachweislich
1344 2080 134 80 dem
1508 2080 301 80 Unterricht
1828 2080 50 80 in
1907 2080 91 80 der
2015 2080 483 80 niederländischen
2523 2080 234 80 Sprache
2767 2080 155 80 nicht
2947 2080 59 80 zu
3035 2080 168 80 folgen
3231 2080 277 80 vermögen
3513 2080 11 80 .

526 2146 102 76 Der
664 2146 84 76 für
782 2146 84 76 die
908 2146 292 76 Aufsahme
1238 2146 52 76 in
1330 2146 138 76 diese
1508 2146 268 76 Anstalten
1827 2146 113 76 oder
1982 2146 346 76 Abteilungen
2368 2146 372 76 erforderliche
2766 2146 274 76 Nachweis
3070 2146 136 76 kann
3238 2146 96 76 nur
3360 2146 166 76 durch

383 2221 118 72 eine
531 2219 414 74 Bescheinigung
947 2219 12 72 ,
987 2218 82 73 die
1095 2218 94 72 der
1213 2217 240 73 Minister
1477 2216 84 72 für
1587 2214 386 74 Wissenschaft
1997 2214 106 72 und
2131 2213 173 72 Kunst
2327 2212 174 72 erteilt
2503 2212 12 72 ,
2539 2210 250 73 erbracht
2815 2209 208 73 werden
3029 2209 10 72 .

520 2282 62 78 In
622 2282 318 78 sämtlichen
978 2282 220 78 Klassen
1242 2282 170 78 dieser
1454 2282 278 78 Anstalten
1774 2282 124 78 oder
1948 2282 344 78 Abteilungen
2338 2282 140 78 muss
2526 2282 94 78 das
2666 2282 464 78 Niederländische
3172 2282 76 78 als
3290 2282 140 78 Fach
3474 2282 54 78 in

385 2353 318 67 mindestens
727 2353 30 64 6
783 2351 466 66 Wochenstunder
1279 2348 346 66 unterrichtet
1649 2347 210 65 werden
1863 2347 10 64 .

520 2416 48 76 2.
610 2416 308 76 Abgesehen
966 2416 92 76 von
1102 2416 178 76 diesen
1320 2416 280 76 besonders
1636 2416 366 76 zugelassenen
2040 2416 276 76 Anstalten
2356 2416 124 76 oder
2506 2416 354 76 Abteilungen
2890 2416 128 76 wird
3044 2416 118 76 vom
3200 2416 200 76 Beginn
3440 2416 90 76 des

386 2480 340 84 Schuljahres
760 2480 222 84 1918/19
1016 2480 60 84 an
1114 2480 90 84 die
1247 2480 452 84 niederländische
1729 2480 555 84 Unterrichtssprache
2300 2480 336 84 mindestens
2679 2480 48 84 in
2762 2480 100 84 den
2902 2480 377 84 Kindergärten
3281 2480 25 84 ,
3330 2480 80 84 für
3446 2480 84 84 die

392 2550 30 74 3
458 2550 270 74 untersten
762 2550 302 74 Jahrgänge
1100 2550 92 74 der
1228 2550 428 74 vorbereitenden
1686 2550 348 74 Abteilungen
2064 2550 92 74 der
2182 2550 260 74 mittleren
2484 2550 584 74 Unterrichtsanstalten
3076 2550 12 74 ,
3104 2550 96 74 für
3232 2550 96 74 den
3356 2550 174 74 ersten

392 2616 272 78 Jahrgang
690 2616 90 78 der
806 2616 260 78 mittleren
1096 2616 586 78 Unterrichtsanstalten
1720 2616 246 78 niederer
1998 2616 198 78 Grades
2202 2616 12 78 ,
2244 2616 86 78 für
2354 2616 84 78 die
2462 2616 112 78 drei
2586 2616 186 78 ersten
2798 2616 302 78 Jahrgänge
3136 2616 94 78 der
3268 2616 262 78 mittleren

388 2684 596 82 Unterrichtsanstalter
1010 2684 240 82 höheren
1266 2684 200 82 Grades
1490 2684 104 82 und
1620 2684 52 82 in
1698 2684 100 82 den
1826 2684 350 82 bestehenden
2204 2684 318 82 flämischen
2534 2684 350 82 Abteilungen
2900 2684 321 82 eingeführt
3207 2684 24 82 .

531 2752 94 76 Die
668 2752 199 76 Kinder
869 2752 11 76 ,
912 2752 82 76 die
1031 2752 59 76 zu
1124 2752 201 76 Beginn
1363 2752 90 76 des
1489 2752 335 76 Schuljahres
1855 2752 227 76 1918/19
2122 2752 226 76 weniger
2384 2752 76 76 als
2496 2752 30 76 3
2568 2752 302 76 Jahrgänge
2896 2752 52 76 in
2975 2752 98 76 den
3101 2752 429 76 vorbereitenden

395 2823 353 72 Abteilungen
773 2823 92 72 der
890 2823 261 72 mittleren
1179 2823 586 72 Unterrichtsanstalter
1769 2823 13 72 ,
1808 2823 125 72 oder
1956 2823 228 72 weniger
2209 2823 75 72 als
2321 2823 21 72 1
2375 2823 274 72 Jahrgang
2676 2823 54 72 in
2759 2823 99 72 den
2886 2823 261 72 mittleren
3177 2823 353 72 Unterrichts

394 2886 282 70 anstalten
690 2886 244 70 niederen
972 2886 198 70 Grades
1172 2886 10 70 ,
1220 2886 126 70 oder
1382 2886 228 70 weniger
1646 2886 76 70 als
1758 2886 30 70 3
1824 2886 302 70 Jahrgänge
2162 2886 54 70 in
2252 2886 100 70 den
2392 2886 260 70 mittleren
2682 2886 592 70 Unterrichtsanstalten
3302 2886 230 70 höheren

392 2953 199 76 Grades
624 2953 55 76 in
715 2953 373 76 französischer
1122 2953 230 76 Sprache
1395 2953 342 76 unterrichtet
1775 2953 208 76 worden
2020 2953 114 76 sind
2139 2953 12 76 ,
2176 2953 210 76 werden
2423 2953 97 76 den
2559 2953 54 76 in
2650 2953 158 76 Ziffer
2834 2953 21 76 1
2888 2953 296 76 genannten
3212 2953 318 76 besonderen

392 3018 274 72 Anstalten
710 3018 124 72 oder
872 3018 348 72 Abteilungen
1262 3018 318 72 zugewiesen
1586 3018 6 72 ,
1622 3018 150 72 wenn
1810 3018 74 72 sie
1922 3018 368 72 nachweislich
2328 3018 116 72 dem
2486 3018 302 72 Unterricht
2826 3018 50 72 in
2890 3018 118 72 der
3046 3018 484 72 niederländischen

390 3088 232 76 Sprache
648 3088 146 76 nicht
818 3088 60 76 zu
902 3088 170 76 folgen
1102 3088 269 76 vermögen
1368 3088 22 76 .

526 3154 46 78 3.
608 3154 108 78 Für
740 3154 206 78 Kinder
935 3154 20 78 ,
978 3154 84 78 die
1076 3154 72 78 zu
1174 3154 212 78 Beginn
1400 3154 90 78 des
1514 3154 338 78 Schuljahres
1880 3154 220 78 1918/19
2126 3154 192 78 bereits
2342 3154 254 78 während
2631 3154 88 78 der
2738 3154 52 78 in
2820 3154 158 78 Ziffer
2996 3154 30 78 2
3046 3154 118 78 Satz
3182 3154 22 78 1
3232 3154 298 78 genannten

392 3222 300 74 Jahrgänge
718 3222 52 74 in
798 3222 372 74 französischer
1206 3222 230 74 Sprache
1482 3222 340 74 unterrichtet
1858 3222 208 74 worden
2106 3222 114 74 sind
2228 3222 12 74 ,
2270 3222 138 74 kann
2460 3222 84 74 die
2599 3222 345 74 französische
2974 3222 550 74 Unterrichtssprache

392 3290 330 66 beibehalten
750 3290 204 66 werden
962 3290 10 66 .
1000 3290 104 66 Für
1128 3290 142 66 diese
1294 3290 200 66 Kinder
1518 3290 144 66 muss
1684 3290 94 66 das
1814 3290 460 66 Niederländische
2306 3290 76 66 als
2408 3290 142 66 Fach
2570 3290 62 66 in
2660 3290 318 66 mindestens
3002 3290 32 66 6
3062 3290 466 66 Wochenstunden

391 3352 347 69 unterrichtet
764 3354 203 69 werden
975 3355 14 68 .

528 3418 192 78 Soweit
764 3418 206 78 danach
1016 3418 84 78 die
1148 3418 448 78 niederländische
1650 3418 550 78 Unterrichtssprache
2248 3418 134 78 noch
2430 3418 144 78 nicht
2626 3418 200 78 besteht
2832 3418 10 78 ,
2884 3418 135 78 wird
3064 3418 74 78 sie
3186 3418 114 78 vom
3350 3418 182 78 Schul

388 3486 124 80 jahr
536 3486 222 80 1919/20
784 3486 66 80 an
870 3486 150 80 jedes
1042 3486 136 80 Jahr
1202 3486 84 80 für
1310 3486 152 80 einen
1488 3486 244 80 weiteren
1760 3486 272 80 Jahrgang
2064 3486 303 80 eingeführt
2359 3486 19 80 .

1807 3580 206 57 Artikel
2049 3580 30 56 2
2083 3580 10 56 .

530 3646 104 72 Der
646 3646 316 72 Unterricht
986 3646 132 72 über
1152 3646 116 72 eine
1304 3646 178 72 zweite
1526 3646 106 72 und
1674 3646 212 72 weitere
1926 3646 228 72 Sprache
2180 3646 122 72 darf
2320 3646 146 72 nicht
2490 3646 162 72 schon
2678 3646 54 72 in
2758 3646 100 72 den
2886 3646 430 72 vorbereitenden
3349 3646 181 72 Abtei

394 3712 190 78 lunges
612 3712 172 78 erteilt
814 3712 202 78 werden
1022 3712 10 78 ,
1058 3712 222 78 sondern
1308 3712 106 78 erst
1440 3712 52 78 in
1520 3712 100 78 den
1646 3712 348 78 eigentlichen
2020 3712 262 78 mittleren
2314 3712 590 78 Unterrichtsanstalter
2910 3712 12 78 .

1816 3804 205 62 Artikel
2058 3803 30 62 3
2092 3803 9 62 .

528 3868 128 74 Vom
682 3868 48 74 1.
756 3868 204 74 Januar
984 3868 132 74 1919
1142 3868 66 74 an
1234 3868 134 74 wird
1392 3868 60 74 zu
1478 3868 100 74 den
1604 3868 302 74 Prüfungen
1944 3868 86 74 für
2054 3868 10 74 :

796 3938 332 72 Kandidaten
1154 3938 92 72 der
1270 3938 333 72 Philosophie
1630 3938 102 72 und
1767 3938 266 72 Literatur
2028 3938 19 72 ,

794 4008 262 62 Notariats
1067 4008 16 62 -
1087 4008 326 62 Kandidaten
1416 4008 16 62 ,

796 4072 332 68 Kandidaten
1160 4072 94 68 der
1278 4072 593 68 Naturwissenschaften
1876 4072 16 68 ,

796 4138 334 74 Kandidaten
1154 4138 94 74 der
1270 4138 348 74 Mathematik
1644 4138 106 74 und
1776 4138 198 74 Physik
1976 4138 12 74 ,

793 4206 284 81 Ingenieur
1085 4206 20 76 -
1106 4200 328 81 Kandidaten

388 4283 103 67 nur
508 4279 290 70 zugelassen
803 4279 19 66 ,
847 4277 109 67 wer
977 4274 269 69 entweder

533 4340 45 84 1.
558 4340 132 84 ein
720 4340 398 84 homologiertes
1158 4340 226 84 Zeugnis
1434 4340 132 84 über
1600 4340 242 84 mittlere
1862 4340 216 84 Studier
2122 4340 233 84 höheren
2395 4340 212 84 Grades
2634 4340 195 84 besitzt
2820 4340 21 84 ,
2886 4340 302 84 ausgestellt
3236 4340 96 84 von
3380 4340 146 84 einer

390 4406 207 78 Anstalt
598 4406 15 78 ,
636 4406 68 78 an
728 4406 94 78 der
853 4406 88 78 der
962 4406 319 78 Unterricht
1296 4406 351 78 entprechend
1670 4406 100 78 den
1796 4406 358 78 Vorschriften
2178 4406 54 78 in
2258 4406 206 78 Artikel
2490 4406 22 78 1
2546 4406 106 78 und
2678 4406 30 78 2
2734 4406 344 78 eingerichtet
3100 4406 66 78 ist
3171 4406 16 78 ,
3214 4406 126 78 oder

524 4474 46 72 2.
606 4474 84 72 die
718 4474 54 72 in
800 4475 206 72 Artikel
1030 4476 66 72 10
1122 4476 106 72 und
1254 4476 64 73 12
1342 4477 92 72 des
1470 4477 238 73 Gesetzes
1742 4478 118 73 vom
1886 4479 78 72 10.
2004 4479 148 73 April
2190 4480 130 73 1890
2360 4481 462 74 vorgeschriebene
2862 4482 392 75 vorbereitende
3292 4485 238 72 Prüfung

390 4542 52 82 in
470 4542 480 82 niederländischer
974 4542 228 82 Sprache
1232 4542 238 82 abgelegt
1496 4542 88 82 hat
1592 4542 10 82 .

1813 4613 206 56 Artikel
2047 4613 24 56 4
2083 4612 8 56 .

530 4678 150 74 Diese
706 4678 346 74 Verordnung
1078 4678 112 74 tritt
1216 4678 83 74 am
1328 4678 44 74 1.
1398 4678 307 74 September
1732 4678 130 74 1918
1888 4678 51 74 in
1970 4678 161 74 Kraft
2132 4678 14 74 .

528 4744 98 74 Mit
650 4744 100 74 der
776 4744 430 74 vorbereitenden
1234 4744 252 74 Arbeiten
1510 4744 68 74 ist
1600 4744 202 74 alsbald
1828 4744 60 74 zu
1914 4744 253 74 beginnen
2170 4744 18 74 .

1822 4833 204 64 Artikel
2052 4835 30 62 5
2086 4835 10 62 .

528 4896 104 78 Der
654 4896 242 79 Minister
920 4897 86 79 für
1034 4897 384 81 Wissenschaft
1442 4900 108 78 und
1576 4901 172 78 Kunst
1770 4901 125 80 wird
1926 4902 94 79 mit
2044 4903 94 78 der
2162 4903 346 80 Ausführung
2530 4905 170 79 dieser
2728 4906 344 80 Verordnung
3094 4908 306 79 beauftragt
3385 4909 19 78 .

525 4962 73 78 Er
611 4962 145 79 kann
773 4963 57 78 in
849 4964 281 79 besonders
1159 4966 325 80 dringenden
1511 4968 179 79 Fällen
1713 4969 341 80 Ausnahmen
2083 4972 95 78 von
2203 4972 101 79 den
2331 4973 359 80 Vorschriften
2717 4976 93 78 der
2841 4976 347 80 Verordnung
3204 4979 301 80 bewilligen
3508 4981 22 78 ,

388 5032 190 78 jedoch
604 5032 146 78 nicht
774 5032 86 78 für
884 5032 150 78 einen
1062 5032 248 78 längeren
1336 5032 266 78 Zeitraum
1626 5032 78 78 als
1728 5032 112 78 drei
1866 5032 164 78 Jahre
2056 5032 136 78 nach
2218 5032 168 78 ihrem
2410 5032 351 78 Hakraftreten
2765 5032 15 78 .

1800 5128 204 59 Artikel
2042 5130 30 58 6
2078 5130 10 58 .

528 5188 118 76 Alle
670 5188 98 77 den
798 5189 356 78 Vorschriften
1182 5191 170 77 dieser
1378 5192 344 78 Verordnung
1734 5194 552 79 entgegenstehenden
2310 5197 422 79 Bestimmungen
2762 5200 210 77 werden
3000 5201 90 77 mit
3128 5202 260 77 Wirkung
3414 5204 116 76 vom

394 5261 44 75 1.
463 5261 305 75 September
782 5261 142 75 1918
950 5261 65 75 an
1042 5261 321 75 aufgehoben
1371 5261 18 75 .

3896 1160 175 86 Onder
4127 1160 249 86 opheffing
4383 1160 25 86 ]
4424 1160 86 86 der
4553 1160 250 86 artikelen
4834 1160 22 86 1
4892 1160 80 86 tot
5008 1160 66 86 en
5106 1160 116 86 met
5246 1160 30 86 5
5290 1160 106 86 der
5436 1160 102 86 wet
5574 1160 100 86 van
5710 1160 64 86 15
5804 1160 128 86 Juni
5962 1160 144 86 1883
6118 1160 64 86 op
6208 1160 90 86 het
6310 1160 234 86 gebruik
6552 1160 110 86 der
6690 1160 196 86 Neder

3758 1230 250 82 landsche
4036 1230 102 82 taal
4146 1230 86 82 bij
4261 1230 93 82 het
4370 1230 333 82 middelbaar
4720 1230 282 82 onderwijs
5026 1230 54 82 in
5090 1230 346 82 Vlaanderen
5462 1230 64 82 en
5564 1230 92 82 der
5692 1230 102 82 wet
5830 1230 100 82 van
5954 1230 64 82 12
6034 1230 134 82 Mei
6200 1230 132 82 1910
6340 1230 24 82 ,
6372 1230 230 82 rakende
6626 1230 64 82 de
6714 1230 172 82 studie

3756 1299 379 81 derjaieuwere
4162 1299 139 81 talen
4327 1299 53 81 in
4406 1299 92 81 het
4521 1299 326 81 middelbaar
4870 1299 283 81 onderwijs
5140 1299 21 81 ,
5186 1299 261 81 hoogeren
5472 1299 162 81 graad
5635 1299 13 81 ,
5675 1299 251 81 verorden
5963 1299 31 81 ik
6033 1299 89 81 het
6146 1299 252 81 volgende
6423 1299 11 81 :

5193 1412 205 59 Artikel
5423 1411 21 58 1
5455 1411 13 58 .

3893 1478 59 77 In
4004 1478 56 77 al
4099 1478 63 77 de
4204 1478 622 77 onderwijsinrichtingen
4828 1478 18 77 ,
4876 1478 84 77 die
5001 1478 162 77 onder
5181 1478 319 77 toepassing
5547 1478 171 77 vallen
5766 1478 101 77 van
5915 1478 65 77 de
6004 1478 212 77 wetten
6265 1478 101 77 van
6399 1478 22 77 1
6471 1478 127 77 Juni
6639 1478 131 77 1850
6812 1478 66 77 en

3756 1546 62 80 15
3838 1546 128 80 Juni
3992 1546 122 80 1881
4126 1546 10 80 ,
4164 1546 104 80 met
4292 1546 238 80 inbegrip
4567 1546 102 80 der
4698 1546 228 80 daaraan
4978 1546 280 80 verbonden
5314 1546 363 80 kindertuinen
5684 1546 24 80 ,
5720 1546 436 80 voorbereidende
6200 1546 64 80 en
6306 1546 200 80 andere
6538 1546 321 80 afdeelingen
6859 1546 19 80 ,

3755 1612 167 78 wordt
3949 1612 92 78 het
4060 1612 274 78 onderwijs
4358 1612 53 78 in
4418 1612 132 78 alle
4593 1612 207 78 vakken
4843 1612 64 78 in
4934 1612 63 78 de
5037 1612 255 78 landstaal
5295 1612 12 78 ,
5317 1612 105 78 het
5457 1612 389 78 Nederlandsch
5849 1612 12 78 ,
5897 1612 228 78 gegeven
6127 1612 12 78 ,
6165 1612 119 78 met
6306 1612 355 78 uitzondering
6686 1612 108 78 van
6811 1612 66 78 de

3754 1678 202 76 nieuwe
3986 1678 238 76 vreemde
4252 1678 136 76 talen
4392 1678 10 76 ,
4430 1678 166 76 welke
4620 1678 126 76 door
4772 1678 192 76 middel
4990 1678 100 76 van
5116 1678 120 76 deze
5262 1678 140 76 talen
5426 1678 102 76 zelf
5546 1678 214 76 kunnen
5786 1678 334 76 onderwezen
6144 1678 212 76 worden
6358 1678 12 76 .

3892 1742 58 82 In
3976 1742 64 82 de
4066 1742 304 82 gemeenten
4396 1742 333 82 Anderlecht
4750 1742 237 82 Kuregem
5012 1742 24 82 ,
5048 1742 215 82 Brussel
5261 1742 21 82 ,
5301 1742 190 82 Elsene
5488 1742 24 82 ,
5533 1742 266 82 Etterbeek
5808 1742 24 82 ,
5852 1742 114 82 Sint
5973 1742 21 82 -
5998 1742 151 82 Gillis
6135 1742 21 82 ,
6192 1742 123 82 Sint
6317 1742 21 82 -
6345 1742 187 82 Pieters
6539 1742 21 82 -
6579 1742 115 82 Jette
6693 1742 21 82 ,
6734 1742 148 82 Sint

3756 1812 153 70 Joost
3918 1812 19 70 -
3937 1812 77 70 ten
4037 1812 19 70 -
4057 1812 169 70 Noode
4222 1812 19 70 ,
4293 1812 326 70 Koekelberg
4688 1812 176 70 Laken
4868 1812 10 70 ,
4896 1812 150 70 Sint
5046 1812 18 70 -
5085 1812 112 70 Jans
5214 1812 18 70 -
5228 1812 298 70 Molenbeek
5540 1812 18 70 ,
5620 1812 334 70 Schaarbeek
5956 1812 12 70 ,
6012 1812 172 70 Ukkel
6224 1812 66 70 en
6334 1812 156 70 Vorst
6496 1812 12 70 ,
6554 1812 166 70 wordt
6762 1812 120 70 deze

3755 1883 246 71 bepaling
4028 1883 105 71 met
4158 1883 63 71 de
4250 1883 249 71 volgende
4525 1883 337 71 afwijkingen
4887 1883 267 71 toegepast
5181 1883 13 71 :

3892 1962 42 80 1.
3976 1962 70 80 De
4090 1962 238 80 Minister
4374 1962 96 80 van
4516 1962 462 80 Wetenschappen
5020 1962 64 80 en
5130 1962 236 80 Kunsten
5410 1962 104 80 kan
5518 1962 14 80 ,
5556 1962 122 80 voor
5714 1962 96 80 een
5838 1962 382 80 overgangstijd
6246 1962 74 80 tot
6344 1962 22 80 1
6400 1962 306 80 September
6730 1962 130 80 1925
6863 1962 16 80 ,

3756 2024 226 82 speciale
4008 2024 352 82 inrichtingen
4386 2024 56 82 of
4456 2024 224 82 speciale
4706 2024 326 82 afdeelingen
5062 2024 114 82 met
5208 2024 88 82 het
5312 2024 242 82 Fransch
5578 2024 76 82 als
5680 2024 228 82 voertaal
5946 2024 234 82 toelaten
6196 2024 124 82 voor
6342 2024 253 82 kinderen
6591 2024 22 82 ,
6636 2024 248 82 waarvan

3757 2098 88 73 het
3872 2098 239 73 bewezen
4138 2098 43 73 is
4208 2098 85 73 dat
4320 2098 56 73 zij
4408 2098 93 73 het
4522 2098 276 73 onderwijs
4818 2098 137 73 door
4969 2098 193 73 middel
5187 2098 111 73 van
5312 2098 103 73 het
5429 2098 389 73 Nederlandsch
5845 2098 106 73 niet
5974 2098 215 73 kunnen
6215 2098 183 73 volgen
6401 2098 11 73 .

3896 2162 100 76 Het
4028 2162 174 76 bewijs
4230 2162 72 76 tot
4328 2162 280 76 opneming
4634 2162 48 76 in
4712 2162 120 76 deze
4858 2162 350 76 inrichtingen
5246 2162 56 76 of
5334 2162 324 76 afdeelingen
5700 2162 256 76 vereischt
5962 2162 12 76 ,
6004 2162 104 76 kan
6134 2162 152 76 enkel
6302 2162 134 76 door
6462 2162 96 76 een
6584 2162 298 76 verklaring

3755 2236 248 71 vanwege
4031 2235 110 71 den
4159 2234 241 71 Minister
4425 2233 98 70 van
4553 2230 462 73 Wetenschappen
5041 2230 64 70 en
5117 2228 255 71 Kunsten
5398 2226 259 72 verstrekt
5683 2225 212 71 worden
5897 2225 12 70 .

3895 2294 63 82 In
3985 2294 63 82 al
4056 2294 62 82 de
4162 2294 204 82 klassen
4410 2294 148 82 dezer
4597 2294 342 82 inrichtingen
4986 2294 56 82 of
5078 2294 328 82 afdeelingen
5450 2294 142 82 dient
5634 2294 90 82 het
5764 2294 389 82 Nederlandsch
6153 2294 18 82 ,
6206 2294 76 82 als
6324 2294 102 82 vak
6428 2294 12 82 ,
6474 2294 298 82 gedurende
6800 2294 86 82 ten

3759 2371 184 66 mieste
3971 2370 78 66 zes
4079 2369 124 67 uren
4231 2369 52 66 in
4311 2368 62 66 de
4401 2367 146 67 week
4569 2365 336 68 onderwezen
4933 2365 48 66 te
5009 2364 208 67 worden
5221 2363 12 66 .

3894 2452 44 74 2.
3982 2452 184 74 Buiten
4194 2452 118 74 deze
4342 2452 258 74 bijzonder
4626 2452 288 74 toegelaten
4940 2452 350 74 inrichtingen
5316 2452 56 74 of
5398 2452 319 74 afdeelingen
5721 2452 19 74 ,
5764 2452 178 74 wordt
5928 2452 16 74 ,
5988 2452 66 74 bij
6100 2452 88 74 het
6234 2452 152 74 begin
6428 2452 100 74 van
6572 2452 88 74 het
6686 2452 206 74 school

3752 2522 118 74 jaar
3898 2522 290 74 1918/1919
4192 2522 10 74 ,
4232 2522 82 74 het
4344 2522 390 74 Nederlandsch
4760 2522 76 74 als
4862 2522 230 74 voertaal
5114 2522 298 74 ingevoerd
5438 2522 70 74 in
5550 2522 62 74 de
5636 2522 381 74 kindertuinen
6022 2522 22 74 ,
6064 2522 52 74 in
6136 2522 70 74 de
6232 2522 112 74 drie
6368 2522 166 74 eerste
6570 2522 318 74 studiejaren

3752 2586 98 76 der
3894 2586 436 76 voorbereidende
4374 2586 322 76 afdeelingen
4744 2586 96 76 van
4886 2586 62 76 de
4992 2586 320 76 middelbare
5356 2586 617 76 onderwijsinrichtingen
5974 2586 18 76 ,
6036 2586 52 76 in
6132 2586 88 76 het
6262 2586 164 76 eerste
6468 2586 284 76 studiejaar
6792 2586 94 76 der

3758 2654 322 80 middelbare
4104 2654 628 80 onderwijsinrichtingen
4722 2654 24 80 ,
4772 2654 210 80 lageren
5006 2654 158 80 graad
5162 2654 21 80 ,
5200 2654 60 80 in
5302 2654 64 80 de
5408 2654 112 80 drie
5542 2654 184 80 eerste
5756 2654 320 80 studiejaren
6104 2654 92 80 der
6232 2654 322 80 middelbare
6582 2654 310 80 onderwijs

3755 2726 347 75 inrichtingen
4104 2726 19 74 ,
4150 2725 258 75 hoogeren
4431 2724 162 74 graad
4597 2724 12 74 ,
4633 2723 66 74 en
4723 2723 52 74 in
4802 2722 63 75 de
4891 2721 282 75 bestaande
5198 2720 314 75 Vlaamsche
5533 2718 324 75 afdeelingen
5861 2718 21 74 .

3896 2788 72 75 De
3996 2788 248 75 kinderen
4259 2788 19 75 ,
4295 2788 82 75 die
4380 2788 12 75 ,
4421 2788 65 75 bij
4512 2788 89 75 het
4628 2788 151 75 begin
4808 2788 98 75 van
4932 2788 89 75 het
5045 2788 291 75 schooljaar
5361 2788 289 75 1918/1919
5653 2788 11 75 ,
5690 2788 202 75 minder
5921 2788 102 75 dan
6058 2788 111 75 drie
6204 2788 320 75 studiejaren
6558 2788 55 75 in
6646 2788 64 75 de
6741 2788 144 75 voor

3760 2852 312 78 bereidende
4098 2852 326 78 afdeelingen
4450 2852 92 78 der
4568 2852 322 78 middelbare
4914 2852 628 78 onderwijsinrichtingen
5562 2852 52 78 of
5630 2852 204 78 minder
5852 2852 110 78 dan
5980 2852 96 78 een
6094 2852 296 78 studiejaar
6400 2852 56 78 in
6480 2852 64 78 de
6568 2852 322 78 middelbare

3758 2916 629 84 onderwijsinrichtingen
4383 2916 24 84 ,
4424 2916 208 84 lageren
4655 2916 162 84 graad
4817 2916 25 84 ,
4861 2916 47 84 of
4920 2916 206 84 minder
5136 2916 110 84 dan
5264 2916 112 84 drie
5386 2916 330 84 studiejaren
5747 2916 30 84 in
5816 2916 61 84 de
5896 2916 332 84 middelbare
6240 2916 622 84 onderwijsinrichtingen
6863 2916 25 84 ,

3762 2982 256 84 hoogeren
4046 2982 156 84 graad
4208 2982 12 84 ,
4246 2982 300 84 onderricht
4572 2982 112 84 met
4702 2982 72 84 he
4777 2982 13 84 :
4814 2982 232 84 Fransch
5072 2982 78 84 als
5174 2982 238 84 voertaal
5428 2982 220 84 genoten
5664 2982 227 84 hebben
5889 2982 21 84 ,
5932 2982 210 84 worden
6180 2982 70 84 bij
6272 2982 80 84 de
6388 2982 162 84 onder
6574 2982 20 84 1
6632 2982 260 84 vermelde

3763 3054 301 82 bijzondere
4091 3054 340 82 inrichtingen
4458 3054 54 82 of
4532 3054 326 82 afdeelingen
4884 3054 270 82 ingedeeld
5160 3054 10 82 ,
5196 3054 176 82 indien
5400 3054 238 82 bewezen
5662 3054 42 82 is
5706 3054 12 82 ,
5742 3054 92 82 dat
5852 3054 58 82 zij
5934 3054 106 82 niet
6060 3054 69 82 bij
6154 3054 204 82 machte
6384 3054 100 82 zijn
6506 3054 86 82 het
6612 3054 278 82 onderwijs

3760 3126 126 70 door
3910 3126 192 70 middel
4130 3126 100 70 van
4256 3126 98 70 het
4370 3126 388 70 Nederlandsch
4786 3126 50 70 te
4862 3126 173 70 volgen
5042 3126 18 70 .

3894 3184 42 78 3.
3980 3184 132 78 Voor
4136 3184 64 78 de
4228 3184 246 78 kinderen
4484 3184 15 78 ,
4528 3184 82 78 die
4614 3184 10 78 ,
4652 3184 68 78 bij
4750 3184 88 78 het
4866 3184 152 78 begin
5044 3184 100 78 van
5172 3184 88 78 het
5284 3184 290 78 schooljaar
5610 3184 290 78 1918/1919
5908 3184 12 78 ,
5960 3184 148 78 reeds
6146 3184 296 78 gedurende
6478 3184 66 78 de
6572 3184 162 78 onder
6768 3184 24 78 2
6799 3184 16 78 ,
6836 3184 56 78 in

3758 3254 98 78 den
3884 3254 202 78 eersten
4118 3254 156 78 volzin
4282 3254 10 78 ,
4320 3254 258 78 vermelde
4611 3254 312 78 studiejaren
4930 3254 23 78 ,
4966 3254 282 78 onderwijs
5268 3254 104 78 met
5410 3254 86 78 het
5536 3254 230 78 Fransch
5808 3254 76 78 als
5928 3254 242 78 voertaal
6182 3254 220 78 genoten
6428 3254 206 78 hebben
6636 3254 12 78 ,
6674 3254 106 78 kan
6806 3254 90 78 het

3760 3320 232 80 Fransch
4018 3320 76 80 als
4122 3320 226 80 voertaal
4396 3320 270 80 behouden
4708 3320 190 80 blijven
4896 3320 22 80 .
4952 3320 134 80 Voor
5110 3320 120 80 deze
5256 3320 252 80 kinderen
5534 3320 138 80 moet
5696 3320 90 80 het
5808 3320 387 80 Nederlandsch
6195 3320 19 80 ,
6238 3320 78 80 als
6340 3320 102 80 vak
6444 3320 14 80 ,
6486 3320 298 80 gedurende
6808 3320 90 80 ten

3757 3399 188 64 minste
3965 3398 30 64 6
4009 3398 132 64 uren
4165 3397 52 64 in
4237 3397 64 64 de
4323 3396 146 64 week
4495 3394 336 66 onderwezen
4855 3393 209 65 worden
5070 3393 14 64 .

3896 3456 56 76 In
3980 3456 180 76 zoover
4184 3456 336 76 dienvolgens
4546 3456 88 76 het
4660 3456 390 76 Nederlandsch
5076 3456 100 76 nog
5200 3456 108 76 niet
5332 3456 64 76 de
5422 3456 228 76 voertaal
5676 3456 42 76 is
5720 3456 12 76 ,
5758 3456 166 76 wordt
5944 3456 96 76 het
6030 3456 16 76 ,
6066 3456 100 76 van
6186 3456 90 76 het
6294 3456 292 76 schooljaar
6606 3456 292 76 1919/1920

3756 3526 59 76 af
3806 3526 16 76 ,
3848 3526 174 76 telken
4044 3526 114 76 jare
4186 3526 52 76 in
4264 3526 94 76 een
4388 3526 218 76 volgend
4632 3526 288 76 studiejaar
4952 3526 265 76 ingevoerd
5232 3526 16 76 .

5176 3616 214 58 Artikel
5426 3616 32 58 2
5464 3616 12 58 .

3896 3678 98 80 Het
4022 3678 298 80 onderricht
4348 3678 50 80 in
4426 3678 94 80 een
4548 3678 196 80 tweede
4770 3678 56 80 of
4846 3678 142 80 meer
5010 3678 137 80 talen
5154 3678 16 80 ,
5210 3678 118 80 mag
5364 3678 136 80 eerst
5524 3678 54 80 in
5598 3678 88 80 het
5706 3678 246 80 eigenlijk
5972 3678 324 80 middelbaar
6314 3678 276 80 onderwijs
6587 3678 19 80 ,
6624 3678 108 80 niet
6750 3678 152 80 reeds

3754 3754 56 76 in
3834 3754 64 76 de
3924 3754 440 76 voorbereidende
4388 3754 324 76 afdeelingen
4712 3754 18 76 ,
4754 3754 230 76 gegeven
5005 3754 210 76 worden
5230 3754 20 76 .

5185 3841 203 62 Artikel
5434 3841 19 60 3
5457 3840 19 60 .

3894 3906 110 72 Van
4036 3906 20 72 1
4096 3906 222 72 Januari
4348 3906 132 72 1919
4506 3906 58 72 af
4596 3906 162 72 wordt
4786 3906 154 72 enkel
4966 3906 290 72 toegelaten
5282 3906 74 72 tot
5384 3906 64 72 de
5472 3906 248 72 examens
5736 3906 102 72 van
5852 3906 12 72 :

4164 3978 288 68 kandidaat
4476 3978 52 68 in
4554 3978 64 68 de
4646 3978 356 68 wijsbegeerte
5026 3978 66 68 en
5116 3978 218 68 letteren
5340 3978 12 68 ,

4159 4046 289 65 kandidaat
4457 4046 14 64 -
4474 4044 194 66 notaris
4669 4045 14 64 ,

4166 4105 285 76 kandidaat
4475 4106 53 75 in
4565 4106 64 75 de
4657 4106 627 79 natuurwetenschappen
5283 4109 20 75 ,

4164 4176 284 68 kandidaat
4474 4176 52 68 in
4552 4176 62 68 de
4642 4176 114 68 wis-
4786 4176 64 68 en
4878 4176 372 68 natuurkunde
5254 4176 10 68 ,

4161 4242 288 74 kandidaat
4450 4245 21 72 -
4476 4245 274 75 ingenieur
4750 4248 13 72 ,

3756 4318 98 66 wie
3861 4318 10 62 ,
3902 4312 151 66 ofwel

3892 4376 44 78 1.
3976 4376 196 78 houder
4208 4376 44 78 is
4288 4376 100 78 van
4424 4376 96 78 een
4556 4376 366 78 goedgekeurd
4958 4376 364 78 getuigschrift
5364 4376 100 78 van
5502 4376 252 78 volledige
5796 4376 322 78 middelbare
6158 4376 202 78 studiën
6359 4376 20 78 ,
6408 4376 258 78 hoogeren
6700 4376 160 78 graad
6865 4376 20 78 ,

3758 4438 280 88 uitgereikt
4074 4438 128 88 door
4236 4438 96 88 een
4368 4438 287 88 inrichting
4644 4438 26 88 ,
4688 4438 166 88 waar
4888 4438 100 88 het
5006 4438 276 88 onderwijs
5306 4438 212 88 volgens
5540 4438 64 88 de
5630 4438 374 88 voorschriften
6032 4438 100 88 van
6156 4438 256 88 artikelen
6453 4438 26 88 1
6494 4438 66 88 en
6584 4438 32 88 2
6640 4438 102 88 van
6762 4438 126 88 deze

3755 4517 350 75 verordening
4127 4515 229 72 gegeven
4381 4512 165 72 wordt
4551 4512 13 70 ,
4587 4509 153 73 ofwel

3894 4578 42 76 2.
3978 4578 97 76 het
4095 4578 401 76 voorbereidend
4532 4578 218 76 examen
4756 4578 12 76 ,
4806 4578 67 76 bij
4912 4578 254 76 artikelen
5204 4578 64 76 10
5304 4578 64 76 en
5406 4578 64 76 12
5506 4578 92 76 der
5636 4578 100 76 wet
5772 4578 100 76 van
5908 4578 64 76 10
6010 4578 148 76 April
6196 4578 130 76 1890
6354 4578 432 76 voorgeschreven
6789 4578 19 76 ,
6832 4578 56 76 in

3759 4653 86 70 het
3873 4651 390 72 Nederlandsch
4289 4649 237 71 afgelegd
4551 4648 145 71 heeft
4694 4648 14 70 .

5187 4717 205 56 Artikel
5421 4717 26 56 4
5457 4717 10 56 .

3898 4780 126 76 Deze
4054 4780 344 76 verordening
4424 4780 168 76 wordt
4616 4780 66 76 op
4710 4780 22 76 1
4766 4780 308 76 September
5100 4780 130 76 1918
5258 4780 98 76 van
5386 4780 200 76 kracht
5579 4780 13 76 .

3896 4848 452 78 Voorbereidende
4370 4848 354 78 maatregelen
4750 4848 188 78 dienen
4964 4848 188 78 zonder
5176 4848 174 78 uitstel
5370 4848 252 78 getroffen
5648 4848 48 78 te
5722 4848 206 78 worden
5939 4848 14 78 .

5194 4962 208 58 Artikel
5428 4962 30 58 5
5462 4962 10 58 .

3896 5026 76 78 De
3996 5026 240 78 Minister
4260 5026 102 78 van
4388 5026 468 78 Wetenschappen
4880 5026 66 78 en
4972 5026 240 78 Kunsten
5240 5026 179 78 wordt
5430 5026 106 78 met
5564 5026 66 78 de
5654 5026 294 78 uitvoering
5962 5026 110 78 van
6096 5026 122 78 deze
6242 5026 344 78 verordening
6610 5026 171 78 belast
6781 5026 14 78 .

3896 5094 85 80 Hij
4010 5094 102 80 kan
4118 5094 10 80 ,
4152 5094 54 80 in
4226 5094 112 80 zeer
4364 5094 284 80 dringende
4676 5094 231 80 gevallen
4902 5094 24 80 ,
4948 5094 428 80 uitzonderingen
5402 5094 66 80 op
5504 5094 64 80 de
5606 5094 334 80 bepalingen
5951 5094 91 80 der
6074 5094 343 80 verordening
6436 5094 230 80 toestaan
6661 5094 24 80 ,
6708 5094 180 80 echter

3760 5160 108 82 niet
3894 5160 124 82 voor
4044 5160 96 82 een
4164 5160 254 82 langeren
4450 5160 206 82 termijn
4684 5160 102 82 dan
4810 5160 114 82 drie
4938 5160 121 82 jaar
5052 5160 18 82 ,
5096 5160 50 82 te
5166 5160 230 82 rekenen
5422 5160 100 82 van
5546 5160 90 82 het
5660 5160 478 82 inwerkingtreden
6158 5160 150 82 dezer
6330 5160 349 82 verordening
6671 5160 22 82 .

5194 5276 206 60 Artikel
5426 5276 30 60 6
5460 5276 10 60 .

3897 5353 65 77 Al
3988 5353 64 77 de
4079 5353 105 77 met
4209 5353 119 77 deze
4357 5353 343 77 verordening
4725 5353 234 77 strijdige
4981 5353 309 77 bepalingen
5316 5353 96 77 zijn
5440 5353 104 77 met
5568 5353 195 77 ingang
5787 5353 99 77 van
5912 5353 22 77 1
5968 5353 306 77 September
6307 5353 131 77 1918
6463 5353 343 77 ingetrokken
6812 5353 13 77 .

667 5421 202 56 Brüssel
879 5420 6 56 ,
919 5420 100 56 den
1047 5420 42 56 4.
1115 5419 128 56 Juni
1269 5418 132 57 1918
1407 5418 6 56 ,

2896 5430 12 44 (
2915 5430 287 44 Staatsdruckerei
3222 5430 28 44 N
3274 5430 88 44 1768
3366 5430 8 44 )

4169 5516 206 59 Brussel
4381 5516 10 58 ,
4429 5515 96 59 den
4567 5515 26 58 \
4601 5515 18 58 n
4649 5514 128 58 Juni
4817 5513 130 58 1918
4951 5512 8 58 .

2294 5526 102 72 Der
2432 5527 532 75 Generalgouverneur
3004 5530 54 73 in
3108 5531 196 73 Belgien
3310 5533 18 72 .

2104 5616 352 80 Freiherr
2508 5616 144 80 VON
2709 5616 781 80 FALKENHAUSEN

2605 5714 401 64 Generaloberst

486 5708 46 40 C.
564 5708 42 40 FI
616 5708 6 40 .
654 5708 74 40 Illa
760 5708 122 40 1803
890 5708 6 40 .

5650 5610 106 74 Der
5792 5610 530 74 Generalgouverneur
6362 5610 54 74 in
6456 5610 211 74 Belgion
6666 5610 18 74 .

5460 5698 360 96 Freiherr
5868 5698 142 96 von
6064 5698 796 96 FALKENHAUSEN
6862 5698 22 96 ,

5962 5794 396 62 Generaloberst
6356 5794 13 62 .

1175 6168 1504 322 Verordnung

4489 6192 1686 315 Verordening

691 6492 463 110 betreffend
1237 6494 131 109 die
1417 6495 489 110 Zulassung
1993 6498 105 108 zu
2187 6499 531 110 öffentlichen
2813 6502 397 109 Aemtern
3221 6504 21 108 .

4108 6496 512 124 betreffende
4712 6496 156 124 den
4964 6496 348 124 toegang
5400 6496 120 124 tot
5608 6496 440 124 Openbare
6140 6496 334 124 Ambten
6498 6496 26 124 .

1940 6760 80 70 10.
2044 6760 148 70 April
2222 6760 130 70 1890

494 6798 60 76 In
576 6798 356 76 Abänderung
950 6798 92 76 des
1068 6798 232 76 Artikels
1326 6798 64 76 49
1420 6798 86 76 des
1532 6798 238 76 Gesetzes
1798 6798 116 76 vom

2378 6798 253 73 verordne
2657 6804 85 70 ich
2768 6806 107 70 was
2901 6809 125 70 folgt
3054 6812 13 68 :

1986 6840 44 56 3.
2056 6840 110 56 Juli
2186 6840 124 56 1891

3891 6798 176 73 Onder
4090 6798 266 73 wijziging
4373 6798 99 73 van
4499 6798 189 73 artikel
4717 6798 61 73 49
4805 6798 93 73 der
4923 6798 101 73 wet
5050 6798 99 73 van

5169 6766 64 71 10
5257 6762 152 73 April
5433 6758 134 73 1890

5596 6787 253 77 verorden
5877 6790 42 74 ik
5953 6790 91 75 het
6067 6791 251 76 volgende
6341 6793 13 74 :

5205 6845 30 54 3
5249 6845 122 54 Juli
5395 6844 124 54 1891

1809 6946 206 56 Artikel
2051 6946 22 56 1
2086 6946 10 56 .

500 7000 132 70 Vom
680 7001 42 70 1.
770 7001 204 71 Januar
1022 7003 130 71 1919
1196 7004 66 70 an
1304 7005 132 70 wird
1476 7006 60 70 zu
1578 7006 172 71 einem
1794 7008 336 72 öffentlichen
2178 7010 154 71 Amte
2376 7012 90 70 des
2508 7012 202 72 Staates
2714 7014 12 70 ,
2762 7014 144 71 einer
2950 7015 216 71 Provinz
3208 7017 126 71 oder
3376 7018 146 71 einer

399 7068 283 85 Gemeinde
683 7070 19 84 ,
730 7070 102 85 für
859 7071 207 85 dessen
1119 7073 303 86 Erlangung
1475 7076 83 84 die
1601 7077 289 85 Ablegung
1945 7079 147 85 einer
2137 7080 549 89 wissenschaftlichen
2731 7085 139 85 oder
2896 7086 328 86 fachlichen
3263 7089 261 86 Prüfung

398 7140 446 80 vorgeschrieben
856 7142 68 78 ist
930 7143 12 78 ,
970 7143 102 78 nur
1096 7144 296 79 zugelassen
1396 7145 12 78 ,
1444 7146 108 78 wer
1588 7146 94 79 die
1708 7147 238 79 Prüfung
1970 7149 130 78 ganz
2134 7150 52 78 in
2226 7150 480 81 niederländischer
2730 7153 232 79 Sprache
2988 7155 244 79 abgelegt
3264 7156 90 79 hat
3356 7157 12 78 ,
3397 7157 126 79 oder

397 7203 125 78 wer
559 7204 166 79 durch
779 7205 277 80 Ablegung
1101 7207 145 79 einer
1281 7208 324 80 besonderen
1647 7211 246 79 Prüfung
1935 7212 281 81 nachweist
2225 7215 24 78 ,
2279 7215 119 79 dass
2439 7216 58 78 er
2538 7217 83 78 die
2659 7218 83 78 für
2767 7218 89 79 die
2890 7219 314 80 Ausübung
3213 7221 91 79 des
3341 7222 183 79 Amtes

398 7278 406 74 erforderlichen
832 7278 486 74 niederländischen
1348 7278 511 74 Sprachkenntnisse
1882 7278 191 74 besitzt
2070 7278 14 74 .

1814 7372 208 58 Artikel
2058 7372 30 58 2
2092 7372 12 58 .

501 7428 93 74 Die
621 7429 229 75 näheren
875 7431 361 77 Vorschriften
1255 7434 133 75 über
1411 7436 85 74 die
1521 7437 349 77 Einrichtung
1895 7440 95 75 der
2007 7441 55 74 in
2079 7442 217 76 Artikel
2317 7444 21 74 1
2371 7444 297 77 genannten
2695 7447 323 77 besonderen
3029 7450 247 76 Prüfung
3301 7453 109 74 und
3439 7454 85 74 die

402 7500 526 70 Zusammensetzung
964 7502 90 69 des
1090 7502 602 72 Prüfungsausschusses
1724 7506 208 69 werden
1974 7507 118 69 vom
2122 7508 238 69 Minister
2396 7509 84 69 für
2516 7510 386 70 Wissenschaft
2940 7512 104 68 und
3081 7512 173 70 Kunst
3287 7513 212 70 erlassen
3512 7515 15 68 .

1810 7595 206 58 Artikel
2053 7594 31 58 3
2089 7594 11 58 .

502 7650 192 73 Soweit
718 7651 84 72 für
828 7652 82 72 die
936 7652 288 74 Zulassung
1248 7655 60 72 zu
1334 7655 332 74 öffentlichen
1694 7657 248 74 Aemtern
1970 7659 82 73 die
2080 7660 276 74 Ablegung
2382 7662 98 72 von
2506 7663 302 74 Prüfungen
2834 7665 72 72 im
2932 7666 158 73 Sinne
3118 7667 88 72 des
3232 7668 234 73 Artikels
3490 7669 22 72 1

404 7720 144 72 nicht
580 7720 430 74 vorgeschrieben
1038 7722 64 73 ist
1108 7723 12 72 ,
1143 7723 173 72 haben
1342 7724 278 73 Bewerber
1622 7725 12 72 ,
1660 7725 82 72 die
1770 7726 86 72 ihr
1882 7726 544 74 Volksschulstudium
2456 7729 72 72 im
2560 7729 191 73 dritten
2780 7730 140 73 Grad
2952 7731 72 72 im
3048 7731 166 73 Jahre
3238 7732 132 73 1919
3396 7733 126 72 oder

404 7782 174 76 später
619 7783 228 77 beenden
848 7784 20 76 ,
906 7785 86 76 ein
1032 7785 223 78 Zeugnis
1296 7787 132 77 über
1468 7788 100 76 den
1610 7789 194 77 dritten
1839 7790 138 77 Grad
2022 7791 204 77 gemäss
2265 7793 99 76 der
2394 7794 346 77 Verordnung
2776 7796 118 76 vom
2934 7797 262 77 Heutigen
3233 7799 289 77 betreffend

404 7846 318 80 Aenderung
756 7848 90 79 des
881 7849 237 80 Gesetzes
1140 7852 144 79 über
1321 7853 99 79 den
1459 7854 247 80 niederen
1743 7857 304 80 Unterricht
2083 7859 119 79 vom
2237 7861 77 78 15.
2351 7862 127 78 Juni
2515 7863 131 79 1914
2681 7864 292 80 vorzulegen
2979 7867 24 78 ;
3043 7867 114 79 vom
3187 7868 56 79 1.
3296 7869 228 81 Septem

405 7916 95 78 ber
525 7916 133 79 1926
686 7918 70 78 an
779 7918 67 79 ist
875 7919 301 80 ausserdem
1209 7922 87 78 ein
1325 7922 225 80 Zeugnis
1585 7924 131 79 über
1729 7926 123 78 den
1887 7927 201 79 vierten
2105 7928 165 79 Grad
2295 7930 300 80 vorzulegen
2597 7932 19 78 ,
2645 7932 57 79 es
2735 7933 75 79 sei
2847 7934 135 79 denn
2985 7935 11 78 ,
3025 7935 121 79 dass
3179 7936 85 79 ein
3295 7937 228 80 Zeugnis

406 7988 132 68 über
562 7988 204 69 Besuch
792 7989 142 69 einer
960 7990 259 69 mittleren
1250 7991 520 70 Unterrichtsanstalt
1796 7993 320 69 eingereicht
2142 7994 128 69 wird
2276 7995 10 68 .

1824 8078 206 62 Artikel
2068 8078 28 62 4
2100 8078 12 62 .

509 8129 286 88 Zeugnisse
786 8132 19 84 ,
827 8133 159 85 deren
1011 8134 229 86 Inhaber
1265 8137 143 85 nach
1423 8138 101 85 den
1549 8139 387 89 einschlägigen
1963 8143 435 88 Bestimmungen
2415 8147 101 85 von
2539 8148 93 85 der
2657 8150 275 86 Ablegung
2955 8152 245 86 gewisser
3219 8155 303 86 Prüfungen

407 8208 236 77 gänzlich
666 8209 126 77 oder
814 8210 248 79 teilweise
1086 8212 188 77 befreit
1296 8213 111 77 sind
1427 8214 21 76 ,
1456 8214 248 77 kommen
1728 8216 74 76 im
1822 8216 162 77 Sinne
2010 8218 178 76 dieser
2204 8219 344 78 Verordnung
2584 8221 98 77 nur
2705 8221 241 78 insoweit
2958 8223 56 77 in
3042 8224 248 77 Betracht
3296 8225 10 76 ,
3338 8226 76 76 als
3422 8226 100 77 sie

408 8278 68 76 an
500 8278 274 76 Anstalten
800 8278 94 76 mit
922 8278 478 76 niederländischer
1424 8278 554 76 Unterrichtssprache
2004 8278 270 76 erworben
2300 8278 205 76 wurden
2526 8278 18 76 .

5181 6956 206 59 Artikel
5423 6956 22 58 1
5455 6956 14 58 .

3882 7016 120 80 Van
4030 7016 20 80 1
4084 7016 220 80 Januari
4326 7016 130 80 1919
4482 7016 61 80 af
4531 7016 17 80 ,
4574 7016 166 80 wordt
4764 7016 76 80 tot
4876 7016 94 80 een
5008 7016 264 80 openbaar
5308 7016 144 80 ambt
5486 7016 98 80 van
5620 7016 146 80 Staat
5772 7016 12 80 ,
5832 7016 256 80 provincie
6124 7016 56 80 of
6202 7016 276 80 gemeente
6480 7016 12 80 ,
6530 7016 226 80 waartoe
6788 7016 88 80 het

3751 7094 232 75 afleggen
4023 7093 98 75 van
4155 7093 94 74 een
4287 7090 496 76 wetenschappelijk
4817 7089 56 74 of
4893 7087 292 76 deskundig
5221 7086 220 75 examen
5477 7084 258 75 vereischt
5764 7083 39 75 is
5817 7083 26 74 ,
5865 7082 152 75 enkel
6052 7080 281 76 toegelaten
6337 7080 21 74 ,
6399 7079 96 75 wie
6537 7079 88 74 het
6657 7077 218 75 bedoeld

3751 7163 218 72 examen
3989 7162 182 73 geheel
4197 7162 52 72 in
4277 7161 88 72 het
4391 7160 386 73 Nederlandsch
4805 7159 236 72 afgelegd
5069 7158 144 72 heeft
5203 7158 19 72 ,
5251 7157 56 73 of
5333 7157 94 72 wie
5457 7156 126 73 door
5617 7156 96 72 een
5749 7155 226 73 speciaal
6011 7154 216 73 examen
6257 7153 90 73 het
6377 7152 176 74 bewijs
6581 7152 168 72 levert
6743 7152 16 72 ,
6785 7151 90 73 dat

3752 7224 68 80 hij
3852 7224 86 80 het
3964 7224 390 80 Nederlandsch
4382 7224 284 80 voldoende
4696 7224 228 80 machtig
4948 7224 52 80 is
5018 7224 84 80 om
5126 7224 98 80 zijn
5250 7224 144 80 ambt
5420 7224 50 80 te
5498 7224 266 80 vervullen
5768 7224 10 80 .

5176 7336 198 56 Artikel
5412 7336 30 56 2
5452 7336 10 56 .

3895 7405 72 76 De
3977 7404 226 77 verdere
4223 7403 373 77 voorschriften
4595 7403 20 76 ,
4645 7402 236 77 rakende
4909 7402 64 76 de
5007 7400 286 77 inrichting
5334 7400 98 76 van
5452 7399 97 77 het
5579 7399 43 76 in
5657 7398 190 77 artikel
5885 7398 20 76 1
5953 7397 216 77 bedoeld
6199 7396 226 77 speciaal
6455 7395 218 77 examen
6709 7395 66 76 en
6810 7395 65 76 de

3752 7464 312 84 aanstelling
4088 7464 100 84 van
4212 7464 64 84 de
4296 7464 124 84 jury
4426 7464 12 84 ,
4470 7464 210 84 worden
4704 7464 126 84 door
4854 7464 104 84 den
4982 7464 240 84 Minister
5246 7464 100 84 van
5374 7464 464 84 Wetenschappen
5862 7464 66 84 en
5954 7464 238 84 Kunsten
6216 7464 308 84 vastgesteld
6527 7464 20 84 .

5178 7580 206 60 Artikel
5422 7580 30 60 3
5458 7580 10 60 .

3891 7675 60 70 In
3983 7674 180 71 zoover
4207 7673 120 71 voor
4371 7672 98 71 den
4515 7671 218 71 toegang
4777 7670 74 71 tot
4893 7669 262 71 openbare
5197 7667 212 71 ambten
5453 7667 88 70 het
5583 7665 232 72 afleggen
5855 7664 100 71 van
5987 7663 246 71 examens
6257 7662 212 71 volgens
6493 7660 188 71 artikel
6707 7660 22 70 1
6763 7659 108 71 niet

3752 7738 258 71 vereischt
4052 7737 44 71 is
4098 7737 11 71 ,
4149 7736 259 72 behooren
4451 7736 64 71 de
4561 7734 308 73 kandidaten
4876 7734 20 71 ,
4924 7734 86 71 die
5051 7733 173 72 lagere
5267 7732 206 72 studiën
5516 7732 99 71 van
5659 7731 99 72 den
5783 7730 196 72 derden
6007 7730 162 71 graad
6192 7729 55 72 in
6272 7729 132 71 1919
6429 7729 58 71 of
6504 7728 133 71 later
6660 7727 206 72 voleind

3752 7806 207 75 hebben
3962 7805 11 75 ,
4017 7805 88 75 het
4146 7803 364 77 getuigschrift
4551 7802 101 76 van
4694 7802 102 75 den
4835 7801 198 75 derden
5075 7800 162 75 graad
5275 7799 126 75 over
5443 7799 50 75 te
5534 7798 184 75 leggen
5721 7797 11 75 ,
5757 7797 90 75 dat
5872 7796 235 76 voorzien
6145 7795 28 75 is
6206 7795 76 75 bij
6302 7795 69 75 de
6396 7793 342 76 verordening
6763 7792 102 76 van

3754 7860 168 82 heden
3926 7860 10 82 ,
3964 7860 272 82 houdende
4262 7860 256 82 wijziging
4542 7860 92 82 der
4660 7860 102 82 wet
4786 7860 102 82 van
4914 7860 62 82 15
5002 7860 128 82 Juni
5154 7860 130 82 1914
5324 7860 74 82 tot
5430 7860 234 82 regeling
5700 7860 100 82 van
5829 7860 93 82 het
5953 7860 133 82 lager
6108 7860 279 82 onderwijs
6385 7860 24 82 ;
6442 7860 102 82 van
6580 7860 24 82 1
6631 7860 235 82 Septem

3756 7926 90 84 ber
3872 7926 132 84 1926
4030 7926 62 84 af
4080 7926 16 84 ,
4122 7926 222 84 behoort
4380 7926 290 84 bovendien
4712 7926 90 84 het
4842 7926 362 84 getuigschrift
5244 7926 112 84 van
5370 7926 100 84 den
5490 7926 218 84 vierden
5744 7926 162 84 graad
5930 7926 306 84 overgelegd
6262 7926 50 84 te
6330 7926 216 84 worden
6542 7926 18 84 ,
6590 7926 146 84 tenzij
6772 7926 96 84 een

3751 8006 364 73 getuigschrift
4145 8005 98 73 van
4271 8004 320 73 middelbare
4617 8003 208 72 studiën
4849 8002 179 72 worde
5053 8000 306 73 overgelegd
5361 8000 12 72 .

5172 8086 206 58 Artikel
5416 8086 26 58 4
5448 8086 10 58 .

3897 8156 271 82 Diploma's
4163 8156 21 80 ,
4208 8154 219 82 waarbij
4465 8154 98 80 den
4609 8153 196 81 houder
4847 8152 64 81 op
4959 8151 154 81 grond
5163 8151 106 80 van
5303 8150 64 80 de
5409 8147 410 83 desbetreffende
5853 8146 306 81 bepalingen
6185 8145 210 81 geheele
6421 8144 64 80 of
6507 8142 358 82 gedeeltelijke

3756 8227 304 74 vrijstelling
4086 8227 98 71 van
4211 8226 95 72 een
4332 8226 55 71 of
4402 8225 167 72 ander
4595 8223 218 72 examen
4826 8222 176 72 wordt
5029 8221 245 72 verleend
5276 8220 11 71 ,
5313 8219 192 72 komen
5546 8219 53 71 in
5642 8218 101 71 den
5781 8217 80 71 zin
5905 8216 147 72 dezer
6069 8213 351 74 verordening
6447 8212 192 72 slechts
6656 8212 55 71 in
6743 8211 90 72 aan

3755 8292 240 77 merking
3997 8292 10 76 ,
4034 8291 51 77 in
4111 8290 180 77 zoover
4315 8289 57 77 zij
4401 8287 280 78 uitgereikt
4709 8286 208 77 worden
4943 8285 126 77 door
5091 8282 354 79 inrichtingen
5469 8282 108 76 met
5601 8281 90 76 het
5715 8278 390 79 Nederlandsch
6139 8277 78 77 als
6245 8276 246 77 voertaal
6480 8276 18 76 .

710 8432 208 68 Brüssel
916 8432 16 68 ,
958 8432 100 68 den
1086 8432 42 68 4.
1152 8432 128 68 Juni
1300 8432 130 68 1918
1432 8432 12 68 .

2903 8467 11 48 (
2918 8467 292 54 Staatsdruckerei
3230 8473 28 49 N
3275 8474 99 50 1769.
3381 8476 9 48 )

4161 8447 211 66 Brussel
4373 8447 13 64 ,
4411 8446 101 65 den
4541 8445 53 65 yn
4617 8444 131 65 Juni
4771 8442 135 65 1918
4907 8442 13 64 .

2229 8542 104 76 Der
2359 8544 555 86 Generalgouverneur
2945 8556 43 74 in
3035 8557 200 78 Belgien
3245 8562 14 74 .

1959 8640 391 100 Freiherr
2394 8646 151 97 von
2589 8649 901 107 FALKENHAUSEN
3496 8663 23 94 .

2529 8747 409 71 Generaloberst
2934 8754 20 64 .

5595 8551 102 70 Der
5721 8549 550 72 Generalgouverneur
6295 8548 52 70 in
6373 8547 199 71 Belgien
6586 8547 18 70 .

5313 8646 384 99 Freiherr
5751 8645 146 99 von
5945 8640 870 103 FALKENHAUSEN
6840 8641 27 98 ,

5889 8745 398 58 Generaloberst
6289 8745 8 56 .

504 8716 51 42 C.
570 8716 42 42 FI
618 8716 10 42 .
650 8716 70 42 Illa
738 8716 116 42 1804
860 8716 8 42 .
