7255 9456
921 472 2094 635 Bekanntmachung

4476 495 1796 637 Bekendmaking

602 1428 110 112 Es
750 1428 214 112 wird
1002 1428 296 112 erneut
1332 1428 80 112 in
1452 1428 526 112 Erinmerung
2012 1428 398 112 gebracht
2414 1428 26 112 ,
2478 1428 186 112 dass
2700 1428 114 112 im
2848 1428 688 112 Befehlsbereich

390 1572 146 116 des
614 1572 1056 116 Generalgouvernements
1760 1572 766 116 Beschlagnahmen
2608 1572 168 116 und
2840 1572 132 116 die
3016 1572 134 116 zu
3222 1572 312 116 diesem

388 1724 320 120 Zweck
776 1724 652 120 erforderlichen
1500 1724 656 120 Feststellungen
2228 1724 164 120 nur
2464 1724 160 120 von
2704 1724 336 120 solchen
3104 1724 428 120 Personen

387 1880 637 107 vorgenommen
1063 1877 345 106 werden
1471 1875 281 106 dürfen
1771 1875 29 104 ,
1847 1874 134 104 die
2047 1872 109 105 im
2215 1870 273 106 Besitz
2535 1869 237 105 einer
2823 1867 157 105 auf
3015 1866 157 105 den
3211 1864 317 106 Namen

388 2024 144 120 des
596 2024 400 120 Inhabers
1060 2024 566 120 ausgestellten
1635 2024 30 120 ,
1736 2024 144 120 mit
1944 2024 540 120 Dienstsiegel
2548 2024 168 120 und
2780 2024 272 120 einem
3108 2024 420 120 Vermerk

388 2160 208 128 über
668 2160 128 128 die
868 2160 760 128 Gültigkeitsdauer
1700 2160 512 128 versehenen
2296 2160 628 128 Ausweiskarte
2992 2160 216 128 nach
3275 2160 249 128 nach

384 2320 344 112 stehend
768 2320 644 112 abgedrucktem
1452 2320 316 112 Muster
1800 2320 172 112 sind
1984 2320 16 112 .

587 2464 269 109 Jeder
893 2465 513 112 Missbrauch
1445 2469 143 108 mit
1627 2470 279 109 diesen
1945 2472 335 109 Karten
2317 2474 217 109 wird
2565 2476 335 109 schwer
2934 2478 408 110 geahndet
3344 2480 32 108 .

3982 1428 318 121 Hierbij
4357 1434 274 120 wordt
4686 1440 105 117 de
4842 1442 414 123 aandacht
5310 1450 150 119 der
5514 1453 781 130 belanghebbenden
6345 1467 98 118 er
6486 1470 417 122 nogmaals

3763 1580 109 116 op
3907 1581 402 119 gevestigd
4321 1585 31 116 ,
4395 1585 141 117 dat
4571 1587 301 118 binnen
4907 1590 141 117 het
5083 1592 289 118 gebied
5411 1595 161 117 van
5607 1597 145 117 het
5787 1598 421 120 Generaal
6239 1602 673 122 Gouvernement

3761 1728 273 117 alleen
4071 1731 473 120 gerechtigd
4601 1737 161 117 zijn
4818 1740 201 117 over
5071 1743 84 116 te
5212 1745 213 117 gaan
5481 1748 123 115 tot
5637 1750 800 124 inbeslagnemingen
6464 1760 105 115 en
6607 1761 121 116 tot
6763 1763 143 116 het

3763 1880 213 111 doen
4015 1883 157 110 van
4231 1885 101 109 de
4387 1887 341 112 daartoe
4787 1892 457 114 vereischte
5295 1899 597 115 vaststellingen
5901 1906 31 108 ,
5995 1907 100 110 de
6155 1909 353 112 houders
6554 1914 157 111 van
6750 1917 153 110 een

3761 2038 105 112 op
3931 2039 171 113 hun
4177 2041 245 114 naam
4489 2043 543 115 opgemaakte
5105 2047 539 117 bewijskaart
5715 2052 161 112 van
5951 2053 143 113 het
6165 2055 739 117 hieronderstaand

3761 2188 269 117 model
4035 2190 23 116 ,
4105 2190 343 119 waarop
4485 2193 143 117 het
4667 2195 495 119 dienstzegel
5201 2199 161 117 van
5401 2200 103 117 de
5553 2202 415 119 bevoegde
6017 2205 391 119 overheid
6461 2209 441 119 afgedrukt

3757 2336 107 110 en
3901 2336 105 111 de
4033 2337 713 113 geldigheidsduur
4785 2340 367 112 vermeld
5189 2342 67 111 is
5267 2343 19 110 .

3969 2484 159 106 Elk
4155 2486 399 110 misbruik
4586 2492 157 107 van
4783 2495 199 107 deze
5019 2498 352 109 kaarten
5410 2503 130 106 zal
5589 2506 268 108 streng
5891 2510 347 108 gestraft
6274 2515 347 109 worden
6628 2520 21 104 .

1688 2776 566 86 Vorderseite
2263 2779 21 84 .

5056 2776 471 90 Rückseite
5544 2778 21 88 .

896 3120 1240 176 Ausweiskarte
2272 3120 265 176 Nr
2525 3120 43 176 .
2654 3120 672 176 20002
3340 3110 48 188 .

1104 3376 760 128 Bewijskaart

1100 3524 332 120 Pièce
1456 3524 732 120 justificative

3914 3298 24 78 4
3946 3298 20 78 )
4008 3298 104 79 Der
4134 3299 232 79 Inhaber
4398 3301 66 78 ist
4503 3301 330 81 verpflichtet
4833 3303 23 78 ,
4872 3303 92 79 vor
4994 3304 152 79 jeder
5184 3305 456 81 Diensthandlung
5676 3308 176 79 diesen
5882 3310 236 79 Ausweis
6154 3311 188 79 unauf

4047 3398 263 77 gefordert
4335 3401 333 78 vorzuzeigen
4672 3405 13 74 .

3908 3646 34 72 2
3944 3646 18 72 )
3996 3646 100 73 Ein
4152 3647 250 73 etwaiger
4448 3649 212 73 Verlust
4706 3650 170 73 dieser
4922 3652 166 72 Karte
5128 3653 68 72 ist
5236 3654 162 72 sofort
5438 3655 96 72 der
5574 3656 386 74 ausstellenden
6002 3658 336 74 Dienststelle

4043 3756 471 80 bekanntzugeben
4519 3760 13 76 ,
4557 3761 199 77 welche
4775 3763 85 76 die
4879 3764 253 78 Meldung
5149 3766 69 77 an
5243 3767 95 77 das
5361 3768 635 83 Generalgouvernement
6017 3775 310 78 weitergibt
6313 3777 20 76 .

1256 3720 280 104 Gültig
1576 3720 184 104 vom

1290 3830 186 70 Geldig
1502 3830 102 70 van

1288 3896 222 56 Valable
1524 3896 82 56 du

2505 3730 123 81 bis

2553 3841 77 48 tot

2557 3919 66 36 au

3904 4006 32 76 3
3938 4006 18 76 )
3992 4006 148 77 Nach
4166 4007 200 77 Ablauf
4386 4008 96 76 der
4508 4009 484 78 Gültigkeitsdauer
5032 4011 68 76 ist
5140 4012 84 76 die
5250 4012 166 77 Karte
5456 4013 96 76 der
5584 4014 388 78 ausstellenden
5996 4016 332 77 Dienststelle

4036 4116 420 72 zurückzugeben
4458 4116 18 72 .

3903 4364 29 70 1
3935 4364 19 70 )
3989 4364 165 72 Jeder
4177 4366 331 74 Missbrauch
4531 4370 173 71 dieser
4729 4371 165 72 Karte
4915 4373 73 71 ist
5011 4374 232 72 strafbar
5244 4376 16 70 .

984 4232 232 54 Inhaber
1240 4233 168 54 dieses

983 4303 81 69 Do
1087 4302 190 70 drager
1298 4301 100 69 van
1423 4300 116 70 deze
1559 4299 156 70 kaart

2145 4306 10 51 (
2161 4306 200 52 Dienstgrad
2380 4308 84 51 oder
2479 4309 115 52 Beruf
2584 4310 12 51 ,
2616 4310 81 52 Vor-
2715 4311 70 51 und
2802 4312 151 52 Zuname
2957 4313 9 51 )

986 4370 78 72 Le
1080 4370 216 72 porteur
1318 4370 62 72 de
1404 4370 54 72 la
1474 4370 236 72 présente

917 4441 103 58 von
1041 4435 99 58 der

918 4509 103 56 van
1045 4505 65 53 de

2123 4510 14 49 (
2141 4510 134 49 Angabe
2291 4510 62 49 der
2370 4510 224 51 Dienststello
2593 4511 13 49 )

918 4574 71 53 du
1011 4574 188 53 service
1222 4574 61 53 de

917 4632 69 74 ist
1009 4632 297 76 berechtigt
1299 4634 19 74 ,
1341 4635 97 74 auf
1455 4635 187 76 Befehl
1665 4637 93 75 des
1781 4638 667 79 Generalgouvernements
2471 4643 63 74 zu
2575 4643 481 78 beschlagnahmen
3079 4647 109 75 und
3222 4648 175 75 sicher

918 4706 246 57 zustellen
1170 4707 10 56 .

917 4770 49 74 is
1003 4770 281 76 gerechtigd
1288 4772 21 74 ,
1327 4773 73 74 op
1441 4773 135 75 bevel
1613 4775 103 74 van
1759 4776 81 74 het
1863 4776 265 77 Goneraal
2153 4778 413 78 Gouvernement
2552 4781 18 74 ,
2595 4782 71 74 tot
2705 4782 441 78 inbeslagneming
3167 4786 61 74 of
3263 4787 71 74 tot
3359 4787 61 75 de

914 4832 540 85 beschikbaarstelling
1473 4842 129 79 over
1617 4845 47 76 te
1675 4846 147 79 gaan
1826 4848 11 76 .

910 4906 72 72 est
1006 4906 216 73 autorise
1224 4908 18 72 ,
1262 4908 106 72 par
1391 4909 153 72 ordre
1566 4910 72 72 du
1662 4910 402 75 Gouvernement
2090 4913 221 73 Général
2308 4914 18 72 ,
2354 4915 32 72 à
2410 4915 182 73 opérer
2614 4916 66 72 ou
2704 4917 208 73 assurer
2936 4918 86 73 dos
3044 4919 182 73 saisies
3227 4920 13 72 .

2113 5278 97 71 Ort
2233 5280 108 72 und
2367 5282 193 74 Datum
2584 5286 96 71 der
2703 5288 343 76 Ausstellung
3042 5294 19 70 .

1248 5412 60 38 Bei

1506 5407 168 57 Stempel
1691 5404 69 55 dor

1496 5462 219 43 Dienststelle
1719 5463 11 42 ,
1748 5463 33 42 zu

1487 5511 62 38 der
1563 5510 150 39 Ipbaber
1731 5509 74 39 der

1511 5564 250 41 Ausweiskarte

1570 5615 126 48 gehört
1692 5615 14 47 .

1189 5547 174 41 Zivilisten

2356 5590 198 70 Eigene
2578 5591 360 71 Unterschrift
2960 5592 92 70 des
3076 5593 259 71 Inhabers
3336 5594 15 70 .

1232 5682 76 38 Bild
1316 5683 6 38 .

2191 5890 357 62 Unterschrift
2569 5895 95 58 des
2685 5896 205 61 Leiters
2915 5899 95 59 der
3033 5901 334 62 Dienststelle
3368 5905 16 58 .

3070 6160 13 50 (
3090 6160 99 50 Siche
3206 6160 183 51 Rückseito
3397 6162 13 50 .
3406 6162 13 50 )

587 6468 99 114 In
751 6469 493 119 Ergänzung
1317 6475 597 120 vorstehender
1975 6482 499 119 Verfügung
2537 6487 213 116 wird
2811 6490 415 118 bestimmt
3230 6494 21 114 ,
3327 6495 186 116 dass

379 6608 612 131 Zivilpersonen
1002 6614 21 124 ,
1107 6616 325 127 welche
1503 6620 760 132 Beschlagnahmen
2350 6629 161 125 etc.
2595 6632 496 129 vornehmen
3104 6637 28 124 ,
3215 6638 256 126 gleich

381 6766 237 117 zeitig
681 6769 147 115 mit
893 6771 149 115 der
1107 6773 627 120 Ausweiskarte
1801 6781 239 116 ihren
2129 6784 767 122 Personalausweis
2971 6793 540 120 vorzuzeigen

381 6916 261 88 haben
659 6918 23 86 .
759 6919 175 88 Der
1020 6921 743 94 Personalausweis
1861 6930 223 88 muss
2181 6932 79 104 in
2343 6933 367 106 gleicher
2785 6936 297 106 Weise
3155 6939 163 105 wie
3385 6941 131 105 die

385 7062 627 115 Ausweiskarte
1047 7068 147 111 mit
1223 7070 181 112 Bild
1445 7072 167 111 und
1649 7074 637 116 eigenhändiger
2325 7080 571 116 Unterschrift
2931 7086 141 111 des
3124 7088 400 114 Inhabers

387 7212 255 109 sowie
679 7214 535 112 Dienstsiegel
1255 7219 149 109 der
1448 7220 583 114 ausstellenden
2089 7226 525 112 Dienststelle
2651 7230 405 111 versehen
3097 7234 173 109 sein
3280 7236 19 108 .

602 7346 497 125 Ausserdem
1127 7354 213 121 wird
1372 7358 130 119 bei
1555 7360 225 122 jeder
1822 7364 716 130 Beschlagnahme
2551 7376 156 121 von
2754 7379 136 121 der
2924 7382 593 127 beauftragten

386 7503 651 130 Persönlichkeit
1109 7513 134 123 ein
1338 7516 498 128 vorläufiger
1913 7525 202 123 oder
2201 7528 514 128 endgültiger
2787 7536 741 131 Beschlagnahme

390 7660 277 115 schein
674 7663 21 112 ,
731 7664 144 113 der
923 7666 141 114 mit
1107 7668 433 118 laufender
1575 7674 392 116 Nummer
1998 7679 401 117 versehen
2435 7684 101 113 ist
2571 7686 165 113 und
2771 7688 129 113 die
2938 7690 578 120 beschlagnah

390 7808 293 120 mende
723 7812 380 121 Behörde
1145 7817 239 119 sowie
1451 7821 133 117 die
1635 7823 780 126 beschlagnahmten
2467 7833 581 124 Gegenstände
3090 7841 429 122 erkennen

393 7960 197 114 lässt
594 7962 25 112 ,
661 7963 186 115 dem
885 7966 530 120 Vorbesitzer
1450 7974 596 120 ausgehändigt
2052 7982 19 112 .

3952 6492 168 116 Ter
4172 6492 472 118 aanvulling
4700 6494 156 117 van
4904 6495 728 119 hoogervermelde
5660 6497 532 119 beschikking
6232 6500 288 117 bepaal
6576 6501 84 116 ik
6668 6502 24 116 ,
6736 6502 144 116 dat

3744 6638 501 121 burgerlijke
4296 6641 406 120 personen
4711 6643 25 118 ,
4779 6643 131 119 die
4960 6644 800 121 inbeslagnemingen
5798 6648 154 118 enz
5960 6649 20 118 .
6024 6649 207 119 doen
6239 6650 24 118 ,
6300 6650 578 121 tegelijkertijd

3745 6786 169 116 met
3967 6787 107 116 de
4125 6787 539 119 bewijskaart
4717 6790 171 117 hun
4931 6791 943 121 eenzelvigheidsbewijs
5933 6796 325 117 moeten
6311 6798 301 117 toonen
6619 6799 23 116 .
6709 6800 171 116 Het

3736 6939 954 121 eenzelvigheidsbewijs
4752 6944 222 116 moet
4978 6944 24 116 ,
5072 6945 336 117 evenals
5470 6946 104 117 de
5636 6947 541 118 bewijskaart
6167 6949 31 116 ,
6274 6950 380 117 voorzien
6716 6951 164 117 zijn

3748 7088 160 112 van
3944 7088 104 112 de
4084 7088 432 115 fotografie
4568 7091 108 112 en
4732 7091 100 112 de
4888 7091 664 115 handteekening
5604 7095 160 112 van
5816 7095 156 113 den
6016 7096 312 113 houder
6332 7097 24 112 ,
6400 7098 280 112 alsook
6716 7099 164 112 van

3730 7238 158 116 het
3926 7238 494 116 dienstzegel
4458 7238 148 116 der
4642 7238 418 116 bevoegde
5098 7238 388 116 overheid
5498 7238 20 116 .

3959 7376 473 119 Bovendien
4491 7380 221 118 moet
4759 7383 101 116 de
4915 7384 473 120 lasthebber
5394 7389 21 116 ,
5494 7389 99 118 bij
5658 7391 272 118 iedere
5981 7394 693 122 inbeslagneming
6719 7401 161 117 aan

3749 7548 159 112 den
3965 7549 553 114 voormaligen
4575 7551 347 114 bezitter
4973 7553 157 113 een
5189 7554 469 114 voorloopig
5703 7556 93 113 of
5837 7557 155 112 een
6045 7557 403 115 definitief
6485 7560 399 113 inbeslag

3751 7688 665 123 nemingsbewijs
4475 7691 129 121 ter
4667 7692 221 121 hand
4951 7694 293 121 stellen
5251 7696 21 120 ,
5351 7696 345 122 waarop
5771 7698 137 121 het
5987 7699 561 123 volgnummer
6551 7702 25 120 ,
6643 7703 101 120 de
6799 7704 85 120 in

3753 7836 277 121 beslag
4061 7839 401 122 nemende
4499 7843 395 123 overheid
4898 7847 25 118 ,
4957 7848 365 121 alsmede
5349 7852 103 118 de
5479 7853 83 119 in
5593 7854 279 121 beslag
5905 7858 401 122 genomen
6335 7862 547 124 voorwerpen

3751 7992 369 88 vermeld
4155 7997 233 87 staan
4398 8000 21 84 .

705 8256 333 97 Brüssel
1041 8258 25 96 ,
1109 8258 161 97 den
1303 8259 151 97 23.
1495 8260 177 97 Juli
1723 8262 235 97 1918
1971 8263 19 96 .

2995 8286 14 52 (
3010 8285 294 58 Staatsdruckerei
3319 8291 27 52 N
3363 8292 91 53 1826
3455 8294 13 52 )

4172 8272 344 104 Brussel
4510 8272 26 104 ,
4580 8272 156 104 den
4780 8272 120 104 23
4904 8272 28 104 "
4968 8272 180 104 Juli
5184 8272 237 104 1918
5439 8272 21 104 .

1762 8592 178 114 Der
1998 8595 914 127 Generalgouverneur
2966 8610 98 114 in
3121 8613 340 116 Belgien
3463 8618 33 112 .

1854 8708 388 114 Freiherr
2285 8717 148 109 von
2484 8721 866 124 FALKENHAUSEN
3371 8739 30 107 ,

2331 8828 635 94 Generaloberst
2963 8834 25 88 .

5111 8622 179 125 Der
5351 8624 913 135 Generalgouverneur
6315 8635 99 125 in
6465 8637 328 127 Belgien
6819 8641 29 124 .

5199 8744 397 107 Freiherr
5635 8748 153 106 von
5835 8750 856 113 FALKENHAUSEN
6716 8760 28 104 ,

5682 8858 628 88 Generaloberst
6307 8858 23 88 .

503 8924 52 51 G.
571 8925 50 51 G.
641 8926 71 51 J.I
737 8927 187 53 4521/18
941 8931 48 51 A.
