6261 9070
956 96 179 370 (
1388 99 267 370 3
1844 104 1683 383 AUTHENTIEKE
3844 122 675 374 KOPIJ
4708 129 691 374 1

1340 40 132 440 %

5283 131 132 365 )

614 536 610 268 VAN
1350 541 586 268 EEN
2046 546 1906 278 OFFICIEELEN
4062 561 1674 276 PLAKBRIEF

428 976 2488 608 ENGELAND
3266 994 601 596 EN
4234 1001 1654 602 BELGIE

1639 1648 609 180 Documenten
2311 1653 473 179 gevonden
2847 1657 89 176 in
2999 1658 169 177 den
3239 1660 529 180 Belgischen
3831 1664 593 181 Algemeenen
4487 1669 209 178 Staf

5734 1681 154 119 colo

511 1992 101 88 De
663 1993 333 90 bewering
1031 1995 117 89 der
1179 1996 377 91 Engelsche
1583 1999 385 91 Regeering
2015 2002 113 89 dat
2151 2003 81 88 de
2283 2004 369 91 schending
2699 2007 121 89 der
2871 2008 153 89 Bel

412 2082 240 100 gische
678 2082 442 100 onzijdigheid
1156 2082 164 100 hare
1354 2082 548 100 tusschenkomst
1926 2082 432 100 veroorzaakt
2388 2082 173 100 heeft
2610 2082 66 100 in
2712 2082 124 100 den
2874 2082 146 100 hui

424 2168 196 95 digen
669 2169 231 96 oorlog
907 2171 17 94 ,
977 2172 57 94 is
1087 2173 189 95 reeds
1323 2174 163 95 door
1531 2176 81 94 de
1657 2177 467 97 verklaringen
2183 2181 123 95 van
2341 2182 90 95 M.
2469 2183 303 96 Edmond
2819 2186 173 95 Grey
3001 2187 17 94 ,

422 2256 325 90 gebleken
799 2258 133 89 niet
979 2259 61 89 te
1091 2260 265 90 kunnen
1415 2262 435 92 volgehouden
1914 2266 250 90 worden
2177 2268 22 88 .
2251 2268 97 89 De
2395 2269 317 90 zedelijke
2772 2272 227 89 veront

422 2338 412 103 waardiging
876 2341 373 104 waarmede
1281 2345 74 101 de
1389 2346 315 104 Duitsche
1747 2350 181 101 inval
1955 2351 77 101 in
2071 2353 233 101 Belgie
2335 2355 123 101 van
2506 2357 94 100 de
2645 2358 373 103 Engelsche

423 2428 165 92 zijde
618 2429 53 92 te
707 2429 145 93 baat
887 2430 321 94 genomen
1247 2433 57 92 is
1344 2433 67 92 om
1479 2434 77 92 de
1587 2435 333 93 onzijdige
1962 2437 233 93 landen
2238 2439 176 92 tegen
2458 2440 438 95 Duitschland
2943 2443 68 92 op

421 2514 72 94 te
537 2515 213 96 hitsen
760 2517 17 94 ,
831 2518 209 96 wordt
1071 2520 85 95 op
1221 2522 255 97 nieuwe
1529 2525 79 95 en
1667 2527 427 98 zonderlinge
2149 2532 183 96 wijze
2393 2534 407 98 opgeklaard
2839 2539 179 96 door

415 2596 233 90 zekere
702 2598 434 94 documenten
1195 2604 209 90 welke
1475 2608 109 89 het
1648 2610 171 89 hoog
1829 2612 27 88 -
1851 2611 595 96 commandement
2482 2619 122 89 van
2671 2621 105 89 het
2831 2623 185 90 Duil

415 2684 157 97 sche
599 2686 181 97 leger
799 2688 273 99 ontdekt
1091 2691 173 98 heeft
1287 2693 65 97 in
1379 2694 81 97 de
1475 2695 348 100 archieven
1847 2700 121 96 van
1995 2701 129 97 den
2159 2703 397 100 Belgischen
2579 2708 433 100 algemeenen

419 2776 157 77 Staf
598 2777 60 76 te
709 2778 269 78 Brussel
980 2780 23 76 .

507 2868 89 92 Er
627 2868 191 94 blijkt
865 2870 97 93 uit
1013 2871 129 93 den
1177 2872 247 94 inhoud
1461 2874 123 93 van
1623 2875 123 93 den
1781 2876 257 94 dossier
2043 2878 17 92 ,
2111 2878 273 94 getiteld
2417 2880 17 92 :
2473 2881 541 95 ENGELSCHE

413 2952 529 87 TUSSCHENK
963 2957 247 85 OMST
1249 2960 85 84 IN
1387 2962 328 85 BELGIE
1743 2965 23 82 ,
1789 2966 107 83 dat
1935 2967 187 84 reeds
2155 2970 67 82 in
2267 2971 211 84 1906
2488 2973 17 82 ,
2543 2974 299 84 voorzien
2875 2977 137 83 was

411 3040 121 96 een
567 3041 335 98 Engelsch
935 3044 553 101 Expeditiekorps
1519 3049 163 97 naar
1717 3051 235 98 Belgie
1985 3053 61 97 te
2091 3054 247 98 zenden
2348 3057 17 96 ,
2407 3057 63 96 in
2505 3058 187 97 geval
2727 3060 123 97 van
2883 3061 121 97 een

411 3128 298 92 Fransch
711 3130 31 90 -
749 3131 361 93 Duitschen
1163 3135 233 91 oorlog
1402 3137 25 90 .
1485 3138 289 92 Volgens
1805 3141 121 90 een
1985 3142 117 91 pas
2155 3144 273 92 ontdekt
2479 3147 355 93 document
2881 3150 127 91 den

428 3216 83 88 10
524 3217 63 88 den
615 3217 189 90 April
851 3219 209 90 1906
1066 3221 21 88 ,
1123 3222 337 91 gezonden
1491 3225 157 89 naar
1679 3227 105 89 het
1823 3228 316 91 Belgisch
2179 3231 369 91 Ministerie
2575 3235 125 89 van
2727 3236 253 90 Oorlog
2986 3239 21 88 ,

411 3300 177 95 heeft
615 3302 83 94 de
731 3303 353 97 Belgische
1131 3307 387 98 algemeene
1543 3311 135 95 staf
1719 3313 133 95 met
1882 3315 127 95 den
2051 3316 419 98 Engelschen
2527 3321 480 99 krijgsattaché

408 3385 63 90 te
533 3386 270 93 Brussel
814 3390 17 90 ,
860 3390 343 95 luitenant
1206 3395 30 90 -
1244 3395 264 94 kolonel
1562 3399 475 96 Barnardiston
2050 3406 17 90 ,
2104 3406 83 92 op
2222 3408 95 91 dit
2349 3409 254 94 tijdstip
2605 3413 25 90 ,
2655 3414 80 90 en
2786 3415 85 91 op
2900 3417 107 91 het

411 3472 317 91 initiatief
798 3476 113 89 van
981 3478 182 90 dezen
1231 3481 277 91 laatsten
1518 3485 17 88 ,
1627 3486 65 88 in
1759 3487 357 93 herhaalde
2195 3493 593 94 beraadslagingen
2798 3500 17 88 ,
2891 3501 103 89 een

407 3568 427 98 breedvoerig
865 3571 299 98 ontwerp
1189 3573 401 99 opgemaakt
1629 3576 155 97 voor
1815 3578 81 96 de
1944 3578 749 102 gemeenschappelijke
2726 3584 282 99 verrich

403 3655 223 94 tingen
688 3657 187 93 tegen
950 3658 432 96 Duitschland
1390 3661 26 92 ,
1487 3662 121 93 van
1685 3666 119 92 een
1869 3667 337 94 Engelsch
2281 3669 543 97 expeditiekorps
2877 3674 125 93 van

414 3740 365 96 100.000
811 3744 493 96 manschappen
1343 3749 133 93 met
1523 3751 109 92 het
1683 3752 320 95 Belgisch
2047 3756 184 93 leger
2226 3758 26 92 .
2311 3758 109 93 Dit
2467 3760 301 94 ontwerp
2823 3763 177 94 werd

403 3831 463 95 goedgekeurd
916 3835 160 93 door
1126 3837 104 92 het
1268 3838 196 93 hoofd
1504 3840 121 93 van
1663 3841 123 93 den
1818 3842 417 96 Engelschen
2263 3846 435 97 algemeenen
2731 3850 135 93 staf
2867 3851 16 92 ,
2922 3852 81 92 de

401 3920 322 97 generaal
726 3921 28 96 -
740 3921 260 98 majoor
1039 3923 308 98 Grierson
1360 3925 28 96 .
1421 3925 83 97 Al
1554 3926 89 96 de
1683 3927 437 98 iplichtingen
2170 3929 439 99 betrekkelijk
2655 3932 83 97 de
2783 3933 223 97 macht

400 4004 82 92 en
515 4005 83 92 de
629 4006 365 94 inrichting
1027 4009 117 93 der
1179 4010 377 95 Engelsche
1610 4014 535 96 detachementen
2158 4018 26 92 ,
2221 4019 81 92 de
2333 4020 511 96 samenstelling
2875 4024 125 93 van

399 4094 109 94 het
541 4095 551 98 Expeditiekorps
1101 4099 17 94 ,
1177 4100 81 94 de
1291 4101 297 96 plaatsen
1627 4103 153 95 voor
1811 4105 81 94 de
1925 4106 396 97 inscheping
2322 4109 26 94 ,
2385 4109 81 95 de
2497 4110 336 97 schatting
2871 4113 125 95 van

399 4176 125 100 den
595 4177 117 101 tijd
771 4178 236 103 noodig
1071 4182 153 101 voor
1275 4183 81 101 de
1403 4184 337 103 overvaart
1746 4187 17 100 ,
1835 4188 261 102 werden
2156 4191 114 101 aan
2355 4193 129 101 den
2565 4194 423 105 algemeenen

395 4264 137 96 staf
570 4265 303 98 geleverd
877 4267 28 96 .
970 4268 381 99 Steunende
1403 4271 85 97 op
1543 4272 153 97 deze
1747 4274 437 99 inlichtingen
2195 4277 17 96 ,
2279 4278 177 97 heeft
2511 4280 81 96 de
2634 4281 362 98 Belgische

394 4352 385 90 algemeene
807 4354 129 89 staf
967 4355 85 88 op
1086 4355 470 92 breedvoerige
1587 4358 185 90 wijze
1819 4360 109 89 het
1963 4361 269 90 vervoer
2263 4363 117 88 der
2414 4364 385 90 Engelsche
2833 4366 163 90 troe

395 4440 125 92 pen
551 4441 383 94 voorbereid
958 4444 232 93 alsook
1217 4446 109 92 het
1351 4446 243 94 terrein
1625 4448 117 93 der
1765 4449 393 95 ontplooïng
2185 4452 65 93 in
2285 4453 229 95 Belgie
2524 4455 28 92 ,
2561 4455 225 94 hunne
2814 4457 180 94 huis

394 4526 260 97 vesting
685 4528 79 96 en
812 4529 122 97 hun
970 4530 398 99 onderhoud
1401 4534 101 96 ter
1551 4535 213 97 plaats
1769 4536 15 96 .
1845 4537 240 98 Hunne
2125 4539 503 100 medewerking
2675 4544 177 97 werd
2901 4545 95 97 tot

395 4612 69 92 in
499 4612 81 93 de
615 4613 241 93 meeste
891 4615 543 97 bijzonderheden
1471 4619 433 95 nauwkeurig
1931 4622 400 95 onderzocht
2333 4625 20 92 .
2383 4626 133 92 Zoo
2542 4627 293 94 moesten
2884 4629 106 93 een

395 4696 189 93 groot
639 4698 217 94 aantal
919 4700 415 97 taalmannen
1393 4705 69 92 en
1534 4706 365 95 Belgische
1935 4710 409 95 gendarmen
2395 4714 101 92 ter
2551 4715 445 97 beschikking

394 4788 254 90 gesteld
675 4790 265 90 worden
979 4793 115 89 van
1135 4794 105 89 het
1271 4796 333 90 Engelsch
1639 4799 185 89 leger
1826 4801 17 88 ,
1870 4801 94 88 en
1979 4802 81 88 de
2087 4803 281 90 noodige
2395 4806 273 90 kaarten
2699 4808 293 91 moesten

394 4868 130 97 hen
579 4870 301 98 geleverd
919 4873 260 99 worden
1190 4876 19 96 .
1247 4877 164 98 Men
1439 4879 125 97 had
1599 4880 160 98 zelfs
1807 4883 193 97 reeds
2032 4885 284 99 gedacht
2335 4888 125 97 aan
2487 4890 81 96 de
2599 4891 393 100 verzorging

395 4964 117 89 der
547 4965 373 93 Engelsche
947 4970 399 92 gekwetsten
1354 4974 26 88 .

482 5047 388 96 Duinkerke
864 5051 27 92 ,
931 5051 225 94 Calais
1196 5053 67 92 en
1307 5054 345 94 Boulogne
1699 5057 221 93 waren
1979 5059 293 95 bestemd
2319 5062 101 92 als
2463 5063 529 95 landingsplaat

393 5138 117 96 sen
559 5138 155 97 voor
761 5140 81 96 de
893 5140 377 98 Engelsche
1316 5143 265 97 troepen
1586 5144 28 96 .
1651 5145 137 96 Van
1845 5146 163 96 daar
2059 5147 293 97 moesten
2385 5149 79 96 zij
2503 5149 155 97 voor
2691 5150 108 97 het
2844 5151 123 97 ont

395 5224 553 97 plooïngsterrein
983 5229 317 95 gebracht
1346 5233 260 94 worden
1614 5235 26 92 ,
1679 5236 89 92 bij
1807 5236 242 95 middel
2092 5239 119 93 van
2255 5241 105 93 het
2398 5242 304 95 Belgisch
2763 5246 199 93 spoor

391 5316 485 92 wegmaterieel
889 5318 15 90 .
960 5319 98 90 De
1099 5320 441 92 ontscheping
1573 5322 67 91 in
1675 5323 81 90 de
1803 5324 337 92 Fransche
2189 5326 245 91 havens
2464 5328 79 90 en
2583 5328 109 91 het
2727 5329 264 92 vervoer

392 5398 153 97 over
599 5400 109 96 het
763 5401 297 99 Fransch
1115 5404 451 100 grondgebied
1576 5409 17 96 ,
1635 5409 255 99 bewijst
1937 5412 109 97 dat
2115 5414 81 96 de
2257 5415 332 99 Engelsch
2610 5419 28 96 -
2640 5419 352 99 Belgische

393 5494 575 93 overeenkomsten
1017 5498 233 91 vooraf
1299 5500 255 91 gegaan
1589 5502 221 91 waren
1845 5503 163 91 door
2039 5504 585 94 overeenkomsten
2675 5509 133 90 met
2861 5510 127 91 den

391 5572 385 91 Franschen
823 5575 433 92 algemeenen
1302 5579 164 90 staf
1452 5581 25 88 .
1559 5582 93 89 De
1723 5583 141 89 drie
1943 5585 501 93 mogendheden
2511 5590 253 90 hebben
2831 5593 157 90 stipt

392 5668 80 92 de
548 5668 379 94 ontwerpen
1010 5670 273 93 bepaald
1337 5671 149 93 voor
1560 5672 80 92 de
1719 5672 536 95 samenwerking
2332 5675 116 93 der
2592 5676 391 94 Verbonden

391 5754 249 93 Legers
663 5756 17 92 »
689 5756 17 92 ,
763 5756 219 94 zooals
1027 5758 67 92 in
1145 5759 107 93 het
1297 5760 353 94 document
1697 5763 245 93 gezegd
1999 5765 218 93 wordt
2210 5767 28 92 .
2261 5767 108 93 Dit
2395 5768 211 93 wordt
2655 5770 331 94 bevestigd

390 5836 161 93 door
599 5838 109 93 het
755 5839 117 93 feit
923 5841 109 93 dat
1087 5842 65 93 in
1203 5844 81 92 de
1319 5844 317 96 geheime
1667 5848 291 95 dossiers
1954 5851 26 92 ,
2019 5852 165 93 eene
2223 5854 185 93 kaart
2439 5856 341 95 gevonden
2811 5859 173 94 werd

389 5926 153 93 over
565 5927 81 92 de
671 5928 487 96 verrichtingen
1193 5932 117 93 der
1332 5934 394 95 ontplooïng
1753 5937 123 93 van
1913 5938 107 93 het
2055 5940 339 94 Fransche
2427 5943 185 93 leger
2618 5944 15 92 .

477 6002 131 99 Het
638 6004 329 101 vermelde
993 6008 353 102 document
1378 6013 186 100 bevat
1590 6016 235 100 eenige
1851 6019 483 103 opmerkingen
2369 6025 106 99 die
2496 6027 123 99 een
2653 6028 333 103 bijzonder

391 6106 237 89 belang
659 6103 365 90 aanbieden
1035 6102 13 88 .

472 6192 112 100 Op
604 6192 228 100 zekere
864 6192 212 100 plaats
1104 6192 204 100 wordt
1336 6192 244 100 gezegd
1608 6192 108 100 dat
1744 6192 80 100 de
1852 6192 324 100 luitenant
2204 6192 264 100 kolonel
2504 6192 480 100 Barnardiston

387 6278 127 92 had
549 6279 169 93 doen
767 6280 355 95 bemerken
1171 6283 107 93 dat
1306 6284 145 93 men
1479 6286 28 92 ,
1541 6286 155 93 voor
1743 6287 107 93 het
1883 6289 355 94 oogenblik
2277 6291 135 93 niet
2437 6293 225 93 mocht
2687 6294 291 94 rekenen

388 6364 84 92 op
502 6364 112 93 den
663 6365 163 93 steun
868 6366 120 92 van
1020 6367 287 93 Holland
1314 6368 19 92 .
1364 6368 120 94 Hij
1516 6369 116 92 zou
1660 6370 120 92 ook
1820 6370 483 95 vertrouwelijk
2356 6373 168 93 doen
2580 6374 204 93 weten
2826 6375 116 93 heb

389 6449 109 96 ben
539 6451 115 95 dat
685 6452 81 94 de
793 6453 373 96 Engelsche
1196 6456 377 97 Regeering
1603 6459 429 97 voornemens
2059 6463 133 95 was
2239 6464 81 95 de
2369 6465 175 95 bazis
2591 6467 119 95 der
2750 6468 214 96 Engel

383 6528 157 101 sche
610 6530 477 104 bevoorrading
1158 6535 177 101 naar
1391 6537 401 103 Antwerpen
1859 6541 157 101 over
2083 6543 61 100 le
2215 6544 289 103 brengen
2518 6547 17 100 ,
2600 6548 234 102 zoodra
2899 6551 81 100 de

385 6620 335 96 Noordzee
767 6623 119 95 van
937 6624 63 95 al
1049 6625 81 95 de
1177 6626 317 97 Duitsche
1527 6629 555 99 oorlogsschepen
2111 6635 117 94 zou
2255 6636 347 96 gezuiverd
2629 6639 126 95 zijn
2757 6640 25 94 .
2819 6641 135 95 Ver

385 6706 271 96 volgens
681 6708 207 96 stelde
913 6710 81 95 de
1021 6711 373 98 Engelscbe
1443 6715 315 97 militaire
1805 6719 259 96 attaché
2111 6722 157 95 voor
2274 6723 17 94 ,
2329 6724 69 94 in
2433 6725 81 94 de
2557 6725 425 99 Rijnprovin

393 6802 95 95 cie
526 6802 108 95 een
667 6802 399 95 Belgischen
1094 6802 539 95 spioenendienst
1665 6802 65 95 in
1765 6802 64 95 te
1861 6802 255 95 richten
2128 6802 15 95 .

475 6880 97 93 De
594 6881 337 95 gevonden
963 6884 316 95 militaire
1315 6887 420 97 documenten
1775 6891 223 95 vinden
2039 6894 161 94 eene
2235 6896 309 95 kostbare
2571 6899 409 96 vollediging

387 6972 65 92 in
487 6972 121 93 een
635 6973 261 93 verslag
903 6975 17 92 ,
949 6975 329 94 gezonden
1307 6977 119 93 aan
1465 6978 117 93 den
1631 6979 305 95 Minister
1964 6981 118 93 van
2139 6982 557 95 Buitenlandsche
2742 6986 198 93 zaken
2947 6987 26 92 ,

387 7052 161 89 door
579 7054 193 89 BARON
798 7055 407 93 GREINDL
1210 7060 26 88 ,
1267 7060 209 90 welke
1503 7062 381 92 gedurende
1911 7066 137 89 vele
2067 7068 176 89 jaren
2257 7070 23 88 ,
2323 7070 241 90 Gezant
2599 7073 121 89 van
2759 7075 221 89 België

387 7146 61 96 te
479 7146 249 97 Berlijn
773 7148 131 97 was
913 7149 17 96 ,
987 7149 259 98 verslag
1279 7151 111 97 dat
1413 7152 141 96 zich
1589 7153 349 98 insgelijks
1971 7155 209 97 onder
2211 7157 79 96 de
2323 7158 305 97 geheime
2662 7160 314 97 papieren

387 7228 265 100 bevindt
659 7230 17 98 .
717 7231 77 98 In
825 7232 97 99 dit
973 7234 251 100 verslag
1273 7237 263 100 worden
1577 7240 149 99 met
1765 7242 119 99 een
1911 7244 259 100 groote
2197 7247 616 104 scherpzinnigheid
2813 7253 29 98 ,
2895 7254 81 99 de

384 7319 531 96 bijbedoelingen
974 7322 360 95 ontsluierd
1341 7325 26 92 ,
1403 7325 109 93 die
1559 7326 125 93 den
1732 7327 198 93 grond
1979 7328 121 93 van
2155 7329 105 93 het
2323 7330 311 95 Engelsch
2695 7332 277 94 voorstel

384 7399 339 100 uitmaken
751 7403 81 96 en
869 7404 79 97 de
973 7405 155 97 heer
1177 7407 307 99 Minister
1531 7410 233 98 vestigt
1825 7413 81 97 de
1939 7414 325 99 aandacht
2321 7418 72 96 op
2400 7419 29 96 ,
2477 7419 125 97 den
2639 7421 333 99 neteligen

385 7494 297 91 toestand
711 7496 247 91 waarin
995 7498 231 91 België
1249 7499 139 91 zich
1417 7500 323 92 geplaatst
1769 7503 177 91 heeft
1943 7504 23 90 ,
1977 7504 159 91 door
2159 7505 81 90 de
2256 7506 365 92 eenzijdige
2647 7508 201 91 keuze
2865 7510 107 90 ten

391 7572 337 94 voordeele
775 7575 117 93 der
930 7576 505 97 mogendheden
1496 7581 106 93 van
1659 7583 81 92 de
1875 7584 280 95 Entente
2219 7587 17 92 >
2254 7588 13 92 .
2311 7588 73 93 In
2421 7589 93 94 dit
2564 7590 143 93 zeer
2745 7592 190 93 breed

1780 7591 19 96 «

2955 7599 21 72 -

399 7670 211 102 voerig
642 7670 249 102 verslag
898 7670 30 102 ,
954 7670 500 102 gedagteekend
1472 7670 124 102 den
1630 7670 100 102 23
1768 7670 364 102 December
2178 7670 202 102 1911
2416 7670 76 102 en
2548 7670 304 102 waarvan
2896 7670 80 102 de

386 7754 326 95 volledige
745 7755 614 96 openbaarmaking
1394 7757 502 96 voorbehouden
1926 7759 171 95 blijft
2098 7760 24 94 ,
2154 7760 152 95 stelt
2338 7761 196 94 BARON
2562 7762 412 95 GREINDL

384 7844 140 88 vast
548 7844 112 89 dat
688 7845 104 88 het
816 7846 296 89 ontwerp
1140 7847 116 89 van
1288 7848 124 88 den
1440 7848 404 91 Belgischen
1871 7851 139 88 stal
2007 7851 25 88 ,
2056 7852 156 88 voor
2256 7853 80 88 de
2388 7853 428 91 verdediging
2860 7855 116 89 der

400 7932 348 96 Belgische
764 7932 440 96 onzijdigheid
1232 7932 64 96 in
1328 7932 116 96 een
1480 7932 277 96 Fransch
1782 7932 24 96 -
1817 7932 355 96 Duitschen
2224 7932 232 96 oorlog
2464 7932 16 96 ,
2512 7932 176 96 niets
2724 7932 244 96 beban

385 8014 144 92 delt
555 8014 138 94 over
721 8016 81 92 de
832 8017 201 93 vraag
1063 8018 11 92 :
1109 8018 235 94 Welke
1381 8020 657 97 krijgsmaatregelen
2073 8025 249 93 zouden
2369 8027 241 93 dienen
2643 8029 329 94 genomen

385 8098 61 92 te
471 8098 269 94 worden
767 8101 67 92 in
861 8102 111 92 het
996 8103 184 93 geval
1209 8105 109 92 dat
1353 8106 427 95 Duitschland
1831 8110 81 92 de
1959 8111 359 95 Belgische
2363 8115 443 95 onzijdigheid
2855 8119 117 93 zou

380 8188 329 89 schenden
722 8189 22 88 ,
804 8190 104 88 dat
920 8191 20 88 ,
991 8191 321 90 nochtans
1360 8193 160 89 door
1572 8194 596 91 veronderstelling
2224 8198 120 88 van
2400 8199 124 88 een
2591 8200 380 90 Franschen

379 8272 237 101 aanval
646 8274 192 101 tegen
871 8276 439 103 Duitschland
1359 8279 217 102 dwars
1623 8281 161 102 door
1835 8283 233 102 Belgie
2097 8285 312 103 evenzeer
2461 8288 311 102 mogelijk
2807 8291 137 101 was
2955 8292 15 100 .

385 8362 95 92 De
504 8362 311 95 Minister
839 8365 445 95 ontwikkelde
1313 8369 219 93 woord
1561 8371 153 92 voor
1737 8372 221 93 woord
1993 8374 111 92 het
2127 8375 321 94 volgende
2481 8378 17 92 :

3397 2002 187 98 Van
3617 2004 95 98 de
3745 2006 405 102 Fransche
4181 2011 203 100 zijde
4431 2015 317 100 bestaat
4778 2019 168 98 niet
4987 2022 413 102 alleenlijk
5433 2028 135 97 het
5602 2030 303 100 gevaar

3309 2098 137 93 ten
3491 2099 285 96 zuiden
3833 2103 163 94 van
4041 2105 513 97 Luxemburg
4558 2110 15 92 .
4623 2111 183 94 Men
4859 2113 365 96 bedreigt
5267 2118 145 93 ons
5457 2119 101 94 op
5585 2120 194 95 heel
5809 2123 95 93 de

3307 2184 633 97 uitgestrekheid
3963 2189 145 93 der
4135 2191 877 99 gemeenschappelijke
5043 2198 237 94 grens
5286 2200 17 92 .
5339 2201 145 93 Om
5511 2202 117 93 dit
5655 2203 81 93 te
5774 2204 100 93 be

3308 2270 384 96 vredigen
3725 2273 311 96 moeten
4082 2276 141 95 wij
4261 2277 245 96 geene
4541 2279 818 101 veronderstellingen
5409 2286 291 96 maken
5706 2289 17 94 ,
5757 2289 141 95 wij

3309 2350 346 101 bezitten
3681 2359 310 100 stellige
4017 2368 394 102 gegevens
4419 2378 16 92 .

3391 2444 117 93 De
3554 2445 377 95 gedachte
3967 2448 237 94 eener
4247 2451 517 96 omvattende
4795 2455 421 96 beweging
5247 2459 229 94 langs
5511 2461 137 93 het
5675 2463 229 94 noor

3303 2528 149 93 den
3479 2529 325 95 maakte
3827 2533 393 95 zekerlijk
4247 2536 169 94 deel
4451 2538 165 93 van
4651 2540 93 93 de
4771 2541 345 95 plannen
5150 2545 142 93 der
5362 2547 342 95 Entente
5735 2550 165 94 cor

3303 2620 207 89 diale
3537 2622 21 88 )
3564 2622 15 88 .
3607 2622 269 91 Ware
3904 2625 151 89 het
4065 2627 298 90 anders
4365 2629 27 88 ,
4407 2630 157 89 dan
4613 2632 149 89 zou
4795 2633 137 89 het
4961 2635 373 91 ontwerp
5365 2639 157 89 van
5561 2640 335 92 Vlissin

3304 2712 148 84 gen
3500 2713 80 84 te
3636 2714 476 86 versterken
4188 2717 80 84 te
4324 2718 260 85 Parijs
4640 2719 96 85 en
4792 2720 76 85 te
4924 2721 320 86 Londen
5300 2723 236 86 zulke
5612 2725 288 86 kreten

3298 2788 170 93 niet
3491 2790 309 95 hebben
3827 2793 197 94 doen
4051 2796 313 96 opgaan
4370 2800 13 92 .
4411 2800 185 94 Men
4619 2802 217 95 heeft
4859 2805 89 93 er
4971 2806 193 94 geen
5191 2809 305 95 geheim
5523 2812 377 97 gemaakt

3299 2888 167 82 van
3514 2889 94 82 de
3656 2889 240 83 reden
3944 2891 438 84 waarvoor
4428 2893 180 83 men
4654 2894 248 83 wilde
4934 2896 138 82 dat
5116 2897 99 82 de
5244 2897 331 85 Schelde
5610 2899 288 83 zonder

3301 2972 519 95 verdediging
3867 2976 214 93 bleef
4074 2978 20 92 .
4143 2978 159 93 Het
4345 2980 181 93 was
4573 2982 147 92 dus
4767 2983 127 93 om
4941 2984 155 93 alle
5129 2986 289 94 gemak
5463 2988 81 93 te
5591 2989 305 94 hebben

3299 3060 129 93 om
3475 3061 143 93 een
3671 3062 395 95 Engelsch
4111 3066 431 95 garnizoen
4589 3069 203 94 naar
4843 3071 507 96 Antwerpen
5397 3076 79 92 te
5523 3077 347 94 brengen
5876 3079 17 92 ,

3299 3144 149 96 dus
3491 3145 129 97 om
3667 3146 177 97 zich
3875 3148 137 97 ten
4059 3149 293 98 onzent
4395 3152 189 97 eene
4631 3154 357 98 operatie
5035 3157 217 97 bazis
5283 3159 81 96 te
5394 3160 502 99 verschaffen

3299 3228 201 93 voor
3531 3230 365 95 offensief
3923 3234 81 93 in
4051 3235 97 93 de
4179 3236 349 95 richting
4559 3240 165 94 van
4771 3242 153 94 den
4971 3244 347 95 Beneden
5350 3248 26 92 -
5380 3248 184 94 Rijn
5599 3250 97 94 en
5731 3252 161 93 van

3297 3320 521 96 Westphalie
3865 3325 99 92 en
3995 3326 147 93 ons
4187 3328 223 93 mede
4455 3330 79 93 te
4583 3331 271 94 slepen
4860 3334 15 92 ,
4911 3334 177 94 wat
5131 3336 171 94 niet
5324 3338 378 96 moeilijk
5747 3342 147 93 zou

3291 3412 357 93 geweest
3671 3414 146 92 zijn
3826 3415 26 92 .
3879 3415 129 92 Na
4031 3416 193 93 onze
4259 3417 409 94 nationale
4695 3420 453 94 versterkte
5179 3423 265 93 plaats
5475 3424 81 93 te
5587 3425 305 94 hebben

3295 3496 399 94 afgestaan
3707 3498 25 92 ,
3743 3498 320 94 zouden
4091 3500 141 93 wij
4263 3501 121 92 uit
4431 3502 225 93 eigen
4691 3503 425 95 beweging
5146 3506 145 93 ons
5339 3507 325 94 beroofd
5711 3509 181 93 heb

3293 3584 149 82 ben
3469 3585 163 83 van
3661 3586 215 84 ieder
3903 3588 287 84 middel
4215 3591 127 83 om
4367 3592 463 85 weerstand
4859 3596 79 82 te
4953 3596 279 84 bieden
5257 3599 157 83 aan
5439 3600 95 83 de
5559 3601 333 84 bevelen

3299 3670 163 90 van
3509 3671 195 91 onze
3749 3673 617 96 twijfelachtige
4413 3678 545 94 beschermers
4964 3683 17 90 ,
5017 3683 127 91 die
5189 3685 142 91 wij
5383 3686 141 91 zoo
5566 3688 303 92 onvoor

3291 3758 297 95 zichtig
3611 3760 306 96 zouden
3947 3762 356 97 geweest
4333 3765 161 95 zijn
4527 3766 89 95 er
4645 3767 129 95 toe
4805 3768 81 95 te
4911 3769 215 95 laten
5135 3771 15 94 .
5185 3771 121 95 De
5341 3772 283 96 tevens
5675 3775 169 95 trou

3290 3844 353 86 welooze
3699 3846 101 85 en
3847 3847 289 86 naieve
4183 3850 489 87 voorstellen
4723 3853 165 85 van
4935 3855 153 84 den
5155 3856 321 86 kolonel
5558 3859 330 87 Barnar

3291 3928 261 91 diston
3623 3931 101 89 bij
3803 3933 133 89 het
4003 3936 297 91 sluiten
4355 3939 141 89 der
4671 3944 341 83 Entente
5067 3948 345 83 cordiale
5479 3952 17 80 )
5510 3952 17 80 ,
5583 3953 305 82 hebben

3289 4022 147 94 ons
3497 4023 389 97 duidelijk
3933 4026 199 95 doen
4167 4028 263 95 inzien
4463 4030 175 95 wat
4665 4031 89 95 er
4785 4032 165 95 van
4983 4034 95 94 de
5123 4035 207 95 zaak
5373 4036 181 96 was
5561 4038 15 94 .
5612 4038 282 97 Wan

3287 4108 193 93 neer
3523 4109 141 93 het
3703 4110 388 95 duidelijk
4143 4113 233 93 bleek
4419 4115 141 93 dat
4603 4116 141 93 wij
4795 4118 149 92 ons
4975 4119 169 93 niet
5175 4120 241 93 lieten
5463 4122 425 95 ontroeren

3287 4196 193 93 door
3525 4197 135 93 het
3707 4199 417 95 beweerde
4171 4202 301 94 gevaar
4523 4205 161 93 van
4729 4206 153 93 het
4943 4208 297 94 sluiten
5315 4211 139 93 der
5531 4212 333 95 Schelde
5867 4215 17 92 ,

3285 4280 231 93 werd
3541 4282 137 93 het
3703 4283 189 93 plan
3919 4285 169 93 niet
4117 4287 127 92 ter
4267 4288 203 93 zijde
4501 4290 277 94 gelegd
4823 4293 227 93 maar
5073 4295 85 92 in
5205 4296 181 93 dien
5433 4298 131 93 zin
5612 4299 276 95 gewij

3285 4366 177 91 zigd
3485 4368 141 90 dat
3647 4369 139 91 het
3807 4371 439 93 Engelsche
4271 4375 415 93 hulpleger
4707 4379 169 91 niet
4895 4381 149 91 zou
5065 4382 469 94 ontscheept
5553 4387 333 92 worden

3287 4452 96 92 op
3411 4452 97 93 de
3550 4453 409 96 Belgische
3979 4457 193 93 kust
4203 4458 225 93 maar
4475 4460 101 92 in
4591 4461 97 92 de
4735 4462 237 93 naast
5023 4464 105 93 bij
5189 4465 306 94 gelegen
5531 4468 309 93 havens
5867 4470 13 92 ;

3283 4532 121 92 dit
3431 4533 285 94 wordt
3727 4536 321 95 betuigd
4071 4539 193 94 door
4287 4541 93 93 de
4407 4542 553 98 onthullingen
5007 4548 165 93 van
5182 4550 386 95 kapitein
5599 4554 257 94 Faber
5862 4556 17 92 ,

3283 4620 125 96 die
3435 4621 169 97 niet
3627 4622 400 100 weerlegd
4055 4626 138 97 zijn
4219 4627 25 96 ,
4275 4628 369 99 evenmin
4695 4631 149 98 als
4863 4633 93 96 de
4991 4634 521 100 inlichtingen
5539 4638 141 97 der
5708 4640 150 97 dag

3283 4706 287 99 bladen
3617 4710 125 97 die
3787 4712 87 96 ze
3931 4713 414 101 bevestigd
4391 4719 83 97 of
4545 4721 99 97 op
4721 4722 276 100 eenige
5061 4727 293 100 punten
5417 4731 465 101 aangevuld

3283 4804 305 89 hebben
3603 4806 13 88 .
3659 4806 141 89 Dit
3827 4808 389 90 Engelsch
4267 4811 213 89 leger
4531 4813 77 88 te
4655 4814 265 90 Calais
4943 4816 89 88 of
5067 4817 77 88 te
5191 4818 473 91 Duinkerke
5709 4822 148 89 ont

3283 4892 325 90 scheept
3610 4895 17 88 ,
3655 4895 145 89 zou
3827 4897 229 89 langs
4079 4899 193 89 onze
4299 4901 237 90 grens
4559 4903 121 89 tot
4727 4905 157 89 aan
4931 4907 365 91 Longwy
5323 4911 169 89 niet
5523 4912 205 90 gaan
5751 4915 129 89 om

3283 4976 527 94 Duitschland
3837 4981 79 90 te
3965 4982 377 93 bereiken
4356 4986 15 90 .
4407 4986 161 91 Het
4611 4988 147 91 zou
4805 4990 353 93 dadelijk
5205 4994 101 90 bij
5359 4995 145 91 ons
5558 4997 322 93 binnen

3281 5068 333 91 dringen
3641 5070 229 91 langs
3895 5071 137 91 het
4055 5072 265 91 Noord
4325 5074 31 90 -
4359 5074 351 92 Westen
4723 5076 17 90 ,
4771 5076 177 91 wat
4993 5078 155 90 hen
5173 5079 137 90 het
5333 5080 373 92 voordeel
5731 5082 149 90 zou

3285 5149 481 99 verschaffen
3813 5154 329 97 dadelijk
4185 5157 85 95 in
4293 5158 381 97 werking
4695 5162 81 94 te
4799 5163 277 96 treden
5080 5165 17 94 ,
5113 5166 135 94 het
5271 5167 367 97 Belgisch
5663 5170 217 96 leger

3279 5236 81 98 te
3383 5237 457 101 ontmoeten
3844 5241 19 98 ,
3891 5241 269 100 indien
4191 5244 141 99 wij
4387 5246 135 99 het
4566 5248 396 102 waagden
5009 5252 147 100 een
5187 5254 377 101 veldslag
5609 5258 157 99 aan
5797 5259 81 99 te

3279 5332 207 99 gaan
3507 5333 87 98 in
3621 5334 189 98 eene
3837 5335 271 99 streek
4133 5337 235 99 waar
4399 5338 141 99 wij
4575 5339 109 99 op
4707 5340 245 99 geene
4975 5342 285 99 enkele
5315 5343 314 101 vesting
5676 5346 156 98 kon

3278 5412 150 85 den
3455 5413 333 87 steunen
3819 5417 17 84 ;
3859 5417 177 85 zich
4063 5419 341 87 meester
4427 5422 81 85 te
4515 5423 309 87 maken
4851 5426 157 85 van
5035 5428 469 88 provinciën
5531 5433 165 85 rijk
5719 5434 157 85 aan

3279 5504 305 93 allerlei
3633 5506 589 95 hulpmiddelen
4255 5510 17 92 ;
4327 5510 83 92 in
4465 5511 155 93 alle
4689 5512 235 94 geval
4993 5514 193 93 onze
5255 5516 479 95 mobilisatie
5795 5519 81 93 te

3279 5590 347 92 beletten
3651 5592 91 91 of
3767 5593 89 91 ze
3881 5594 227 92 maar
4131 5596 130 91 toe
4289 5597 79 91 te
4401 5598 219 92 laten
4651 5600 109 91 na
4783 5601 159 91 van
4967 5603 145 90 ons
5137 5604 383 93 bepaalde
5554 5607 262 92 verbin

3275 5680 353 86 tenissen
3663 5682 389 87 bekomen
4079 5686 77 84 te
4183 5686 305 86 hebben
4495 5689 17 84 ,
4539 5689 93 84 de
4659 5689 529 89 verzekering
5211 5694 353 86 gevende
5591 5697 137 84 dat
5751 5698 121 85 die

3279 5764 477 92 mobilisatie
3803 5768 125 89 zal
3975 5770 469 92 geschieden
4471 5774 133 89 ten
4639 5776 417 91 voordeele
5111 5780 165 89 van
5323 5782 405 91 Engeland
5775 5786 97 88 en

3275 5854 163 88 van
3463 5855 159 88 zijn
3651 5856 497 91 bondgenoot
4155 5859 13 88 .

3363 5940 159 95 Het
3535 5941 79 94 is
3641 5942 403 98 volstrekt
4069 5946 559 98 noodzakelijk
4657 5951 99 94 op
4793 5952 411 97 voorhand
5229 5956 135 95 het
5411 5957 187 97 plan
5645 5960 99 94 op
5791 5961 79 94 te

3279 6028 289 86 maken
3619 6031 161 84 van
3827 6032 153 85 den
4027 6034 413 87 veldtocht
4483 6038 125 85 die
4675 6040 137 84 het
4859 6041 365 87 Belgisch
5271 6045 213 85 leger
5531 6047 81 84 in
5683 6048 189 86 deze

3277 6116 719 101 veronderstelling
4021 6121 147 97 zou
4195 6122 289 98 volgen
4497 6125 15 96 ,
4545 6125 305 98 zoowel
4875 6127 83 97 in
4985 6128 135 97 het
5151 6129 287 98 belang
5467 6132 161 97 van
5650 6133 220 98 onze

3267 6199 395 102 militaire
3685 6203 511 103 verdediging
4229 6208 112 99 als
4373 6209 202 100 voor
4583 6211 103 99 de
4711 6212 349 101 richting
5085 6215 237 100 onzer
5375 6218 497 102 buitenland

3276 6292 188 88 sche
3512 6293 336 89 politiek
3856 6295 16 88 ,
3928 6295 268 89 indien
4244 6297 148 88 een
4436 6298 272 89 oorlog
4736 6300 248 89 moest
5020 6301 436 90 uitbreken
5492 6304 372 90 tusschen

3272 6368 528 101 Duitschland
3831 6378 102 93 en
3958 6380 426 99 Frankrijk
4398 6387 26 92 .

3357 6558 169 90 Deze
3551 6559 527 93 uiteenzettingen
4085 6562 17 90 ,
4133 6562 311 92 komende
4489 6564 93 91 uit
4629 6565 151 91 eene
4827 6567 146 90 bron
4985 6568 23 90 ,
5023 6568 139 90 vrij
5209 6569 123 90 van
5365 6570 177 91 ieder
5575 6571 255 92 vooroor

3271 6640 143 94 deel
3419 6640 17 94 ,
3465 6641 193 94 geven
3691 6642 103 94 het
3818 6643 320 95 sprekend
4161 6644 213 96 bewijs
4401 6646 121 94 van
4551 6647 103 94 het
4675 6647 115 95 feit
4817 6648 113 95 dat
4960 6648 315 97 hetzelfde
5304 6651 335 95 Engeland
5641 6653 28 94 ,
5709 6653 159 95 welk

3279 6720 194 95 thans
3491 6722 300 96 optreedt
3795 6725 97 94 als
3941 6726 400 98 beschermer
4389 6731 115 94 der
4555 6732 333 97 Belgische
4934 6735 413 99 onzijdigheid
5362 6740 27 94 ,
5417 6741 233 96 België
5683 6743 182 96 heeft

3271 6816 161 88 doen
3462 6816 308 91 besluiten
3799 6819 87 88 tot
3911 6820 105 88 het
4041 6820 217 89 kiezen
4285 6822 123 88 van
4435 6823 153 88 eene
4609 6823 351 91 eenzijdige
5003 6826 208 89 partij
5202 6827 24 88 ,
5257 6828 103 88 ten
5397 6828 329 91 voordeele
5749 6831 117 88 der

3263 6897 473 100 mogendheden
3801 6901 117 97 der
4045 6903 271 97 Entente
4349 6905 35 96 »
4391 6905 19 96 ,
4461 6906 77 96 en
4587 6906 115 97 dat
4725 6907 127 97 het
4917 6909 71 96 op
5050 6910 100 96 een
5225 6910 250 99 gegeven
5535 6913 331 98 oogenblik

3269 6989 161 92 zelfs
3451 6989 269 94 gedacht
3747 6991 169 93 heeft
3941 6992 127 92 aan
4096 6993 150 92 eene
4268 6993 348 95 schending
4644 6995 120 93 van
4792 6996 78 92 de
4915 6996 442 95 Hollandsche
5404 6999 420 94 onzijdigheid
5832 7001 26 92 ,

3274 7072 449 97 Daarenboven
3732 7075 25 94 ,
3785 7075 207 96 spruit
4013 7077 263 96 daaruit
4307 7079 115 95 dat
4467 7080 79 94 de
4574 7080 340 97 Belgische
4945 7083 354 97 Regeering
5297 7086 25 94 ,
5367 7086 159 95 door
5571 7088 167 95 naar
5785 7089 79 95 de

3271 7160 353 94 Engelsche
3651 7162 373 94 ingevingen
4051 7165 61 92 te
4135 7165 301 94 luisteren
4447 7167 17 92 ,
4495 7167 141 93 zich
4667 7168 169 93 heeft
4879 7169 265 95 plichtig
5190 7172 297 94 gemaakt
5531 7174 133 93 aan
5707 7175 153 93 eene

3270 7250 142 92 erge
3442 7250 269 94 inbreuk
3758 7252 77 92 op
3870 7252 158 93 hare
4046 7253 284 93 plichten
4377 7255 100 92 als
4523 7256 319 93 onzijdige
4888 7257 426 94 mogendheid
5319 7259 15 92 .
5370 7260 94 92 De
5510 7260 351 94 vervulling

3268 7336 194 94 harer
3482 7337 278 95 plichten
3796 7338 116 94 zou
3940 7339 270 95 gevergd
4244 7340 232 95 hebben
4506 7341 114 95 dat
4648 7342 78 94 de
4771 7343 340 95 Belgische
5160 7344 350 96 Regeering
5520 7346 16 94 ,
5588 7346 64 94 in
5702 7347 158 94 hare

3268 7424 797 102 verdedigingsontwerpen
4071 7424 30 102 ,
4124 7424 120 102 ook
4258 7424 90 102 de
4372 7424 344 102 schending
4748 7424 114 102 der
4890 7424 334 102 Belgische
5248 7424 430 102 onzijdigheid
5702 7424 158 102 door

3266 7512 338 100 Frankrijk
3615 7512 28 100 ,
3678 7512 120 100 zou
3824 7512 292 100 voorzien
4170 7512 234 100 hebben
4412 7512 18 100 ,
4484 7512 76 100 en
4614 7512 56 100 in
4722 7512 94 100 dit
4860 7512 190 100 geval
5039 7512 27 100 ,
5118 7512 120 100 ook
5284 7512 124 100 met
5434 7512 426 100 Duitschland

3261 7594 557 95 overeenkomsten
3873 7597 131 93 had
4049 7599 245 93 moeten
4347 7601 305 93 aangaan
4696 7602 195 94 gelijk
4961 7604 155 93 deze
5121 7606 17 92 ,
5211 7606 129 93 met
5385 7607 351 94 Frankrijk
5779 7610 79 92 en

3272 7684 332 85 Engeland
3628 7685 266 85 gesloten
3906 7686 22 84 .

3353 7768 95 92 De
3472 7768 322 93 gevonden
3818 7769 266 93 stukken
4116 7771 228 92 maken
4370 7772 110 92 een
4508 7772 446 94 documantair
4978 7774 216 93 bewijs
5240 7775 92 92 uit
5366 7775 122 93 van
5536 7776 78 92 de
5656 7777 183 92 Belgi

3264 7856 148 112 sche
3444 7856 584 112 verstandhouding
4060 7856 124 112 met
4232 7856 76 112 de
4356 7856 476 112 mogendheden
4877 7856 112 112 der
5104 7856 296 112 Entente
5444 7856 20 112 »
5472 7856 20 112 ,
5540 7856 160 112 welk
5740 7856 116 112 feit

5050 7862 20 90 (

3268 7940 152 88 vóór
3464 7941 104 88 het
3624 7941 324 90 uitbreken
3976 7943 119 89 van
4123 7944 111 90 den
4272 7945 215 89 oorlog
4536 7946 160 89 door
4740 7947 80 89 de
4864 7948 308 89 Duitsche
5216 7950 312 89 bevoegde
5571 7952 285 89 diensten

3264 8032 244 88 gekend
3564 8033 128 88 was
3696 8033 16 88 .
3764 8033 100 89 Zij
3920 8034 528 90 rechtvaardigen
4484 8036 112 88 ons
4620 8036 268 90 militair
4912 8038 304 89 optreden
5252 8039 76 88 en
5360 8039 352 90 bevestigen
5776 8041 80 88 de

3262 8114 414 94 inlichtingen
3701 8116 348 95 betrffende
4073 8118 79 93 de
4178 8119 329 94 Fransche
4529 8121 411 94 bedoelingen
4947 8123 19 92 ,
4993 8124 161 92 door
5183 8125 81 92 de
5309 8125 199 93 hooge
5553 8127 280 93 comman

3263 8196 241 94 datuur
3535 8198 121 93 van
3691 8200 105 93 het
3823 8201 480 98 Duitscheleger
4331 8206 341 95 verkregen
4682 8210 13 92 .

3349 8280 131 97 Dat
3527 8281 83 97 zij
3655 8282 129 97 aan
3825 8284 103 96 het
3981 8285 330 99 Belgische
4359 8288 143 97 volk
4551 8290 79 97 de
4695 8291 197 98 oogen
4941 8294 241 97 openen
5225 8296 127 97 ten
5386 8297 300 99 opzichte
5729 8300 125 97 van

3260 8376 304 96 diegenen
3580 8376 140 96 aan
3752 8376 112 96 wie
3908 8376 84 96 zij
4024 8376 96 96 de
4128 8376 264 96 rampen
4420 8376 244 96 moeten
4696 8376 411 96 toeschrijven
5113 8376 28 96 ,
5192 8376 104 96 die
5348 8376 188 96 thans
5568 8376 148 96 over
5760 8376 92 96 dit

3264 8460 376 100 ongelukkig
3676 8460 152 100 land
3860 8460 128 100 zijn
4024 8460 403 100 losgebroken
4424 8460 28 100 .

4566 8610 112 78 IN
4730 8611 430 80 OPDRAG

3787 8716 449 106 VON
4331 8719 1521 112 MANTEUFFEL

4283 8860 391 74 Gouverneur
4725 8860 105 74 van
4886 8860 151 74 Dost
5038 8860 22 74 -
5070 8860 204 74 Vlaar

5445 7896 15 50 >
