6010 8725
3880 122 350 197 29

354 384 124 416 I
1272 384 919 416 COPIE
2449 384 2255 416 AUTHENTIQUE

1520 936 592 264 D'UNE
2248 936 856 264 AFFICHE
3248 936 1168 264 OFFICIELLE

1003 904 63 82 کا

1159 909 25 80 /

898 1084 331 109 63,75

5358 1056 186 130 1015

272 1344 2419 784 L’Angleterre
2901 1344 323 784 et
3417 1344 355 784 la
3982 1344 1634 784 Belgique

1660 2188 40 156 (
1721 2188 663 156 Documents
2464 2188 424 156 trouvés
2960 2188 68 156 à
3108 2188 340 156 l'Etat
3452 2188 40 156 -
3504 2188 372 156 Major
3956 2188 295 156 belge
4250 2188 38 156 )

405 2536 414 70 L'affirmation
851 2536 80 68 du
975 2534 478 69 Gouvernement
1493 2533 226 69 anglais
1761 2532 114 69 que
1915 2532 56 68 la
2009 2531 286 69 violation
2341 2530 72 69 de
2461 2530 58 68 la
2561 2529 322 69 neutralité

278 2606 164 80 belge
484 2606 84 80 ait
616 2606 300 80 provoqué
950 2606 446 80 l'intervention
1456 2606 72 80 de
1586 2606 386 80 l'Angleterre
2032 2606 146 80 dans
2244 2606 56 80 la
2354 2606 274 80 présente
2674 2606 210 80 guerre

277 2689 136 72 s'est
449 2688 122 73 déjà
583 2688 18 72 ,
647 2687 108 72 par
791 2686 86 73 les
915 2685 242 73 propres
1197 2683 392 74 déclarations
1629 2682 72 72 de
1743 2681 96 73 Sir
1879 2680 256 73 Edward
2169 2679 156 73 Grey
2331 2679 14 72 ,
2389 2677 230 73 révélée
2663 2676 222 73 comme

279 2767 164 70 étant
485 2766 298 71 intenable
791 2766 12 70 .
849 2763 442 73 L'indignation
1333 2763 220 71 morale
1603 2762 140 71 avec
1779 2761 254 71 laquelle
2085 2760 310 71 l'invasion
2441 2758 330 72 allemande
2811 2758 74 70 en

278 2836 280 80 Belgique
600 2836 34 80 a
676 2836 92 80 été
814 2836 144 80 mise
1004 2836 36 80 à
1086 2836 178 80 profit
1318 2836 82 80 du
1456 2836 130 80 côté
1642 2836 224 80 anglais
1926 2836 150 80 pour
2138 2836 234 80 monter
2428 2836 288 80 l'opinion
2782 2836 104 80 des

278 2914 240 78 neutres
550 2914 204 78 contre
794 2914 385 78 l'Allemagne
1176 2914 18 78 ,
1232 2914 90 78 est
1376 2914 246 78 éclairée
1672 2914 74 78 de
1786 2914 274 78 nouvelle
2102 2914 60 78 et
2212 2914 327 78 singulière
2572 2914 170 78 façon
2780 2914 108 78 par

277 2997 256 68 certains
577 2995 346 69 documents
979 2995 114 68 que
1159 2994 56 68 le
1273 2993 148 69 haut
1483 2991 508 70 commandement
2055 2991 72 68 de
2181 2990 238 68 l'armée
2475 2988 330 69 allemande
2851 2988 36 68 a

278 3066 348 78 découverts
668 3066 146 78 dans
860 3066 86 78 les
990 3066 268 78 archives
1300 3066 72 78 de
1412 3066 164 78 l'etat
1587 3066 21 78 -
1596 3066 196 78 major
1828 3066 166 78 belge
2036 3066 36 78 à
2102 3066 308 78 Bruxelles
2418 3066 12 78 .

411 3153 52 70 Il
511 3152 220 71 ressort
779 3151 80 71 du
907 3150 258 71 contenu
1201 3149 144 71 d'un
1389 3148 224 71 dossier
1619 3147 14 70 ,
1675 3146 242 71 portant
1963 3146 54 70 le
2059 3145 144 70 titre
2247 3144 12 70 :
2305 3141 580 73 INTERVENTION

276 3220 374 82 ANGLAISE
696 3220 104 82 EN
852 3220 384 82 BELGIQUE
1242 3220 14 82 ,
1300 3220 114 82 que
1460 3220 126 82 déjà
1594 3220 18 82 ,
1670 3220 76 82 en
1806 3220 158 82 1906
1972 3220 14 82 ,
2030 3220 218 82 l'envoi
2298 3220 74 82 en
2428 3220 280 82 Belgique
2750 3220 138 82 d'un

276 3300 168 78 corps
490 3300 508 78 expéditionnaire
1042 3300 226 78 anglais
1322 3300 160 78 avait
1546 3300 94 78 été
1700 3300 188 78 prévu
1954 3300 152 78 pour
2164 3300 54 78 le
2286 3298 96 64 cas
2446 3299 176 65 d'une
2678 3300 210 66 guerre

274 3384 197 72 franco
490 3384 16 72 -
504 3382 331 74 allemande
834 3382 16 72 ,
898 3381 241 73 D'après
1185 3381 82 72 un
1319 3380 315 73 document
1695 3378 318 73 découvert
2019 3378 14 72 ,
2077 3377 235 73 adressé
2357 3377 75 72 au
2480 3376 277 72 Ministre
2814 3375 72 72 de

278 3452 56 80 la
374 3452 210 80 guerre
630 3452 166 80 belge
834 3452 74 80 en
948 3452 136 80 date
1126 3452 82 80 du
1248 3452 74 80 10
1372 3452 150 80 avril
1576 3452 158 80 1906
1742 3452 14 80 ,
1804 3452 56 80 le
1902 3452 138 80 chef
2080 3452 72 80 de
2200 3452 168 80 l'état
2373 3452 17 80 -
2391 3452 189 80 major
2618 3452 168 80 belge
2830 3452 34 80 a
2870 3452 12 80 ,

276 3528 142 78 avec
456 3528 276 78 l'attaché
766 3528 280 78 militaire
1082 3528 224 78 anglais
1342 3528 34 78 à
1410 3528 306 78 Bruxelles
1718 3528 14 78 ,
1754 3528 56 78 le
1836 3528 332 78 lieutenant
2170 3528 18 78 -
2192 3528 228 78 colonel
2442 3528 411 78 Barnardiston
2870 3528 16 78 ,

277 3610 230 79 elaboré
551 3610 34 78 à
631 3609 154 79 cette
839 3607 222 79 époque
1069 3607 12 78 ,
1119 3606 102 79 sur
1259 3604 344 80 l'initiative
1651 3604 72 78 de
1763 3603 66 78 ce
1875 3602 238 79 dernier
2161 3601 58 78 et
2267 3600 146 79 dans
2465 3599 102 79 des
2607 3596 279 81 délibéra

276 3683 155 79 tions
474 3683 264 79 répétées
744 3683 13 79 ,
804 3683 82 79 un
929 3683 193 79 projet
1162 3683 240 79 détaillé
1440 3683 150 79 pour
1652 3683 101 79 des
1818 3683 337 79 opérations
2217 3683 74 79 en
2349 3683 274 79 commun
2683 3683 204 79 contre

273 3764 376 76 l'Allemagne
647 3764 18 74 ,
711 3763 138 75 d'un
905 3762 170 75 corps
1127 3760 510 77 expéditionnaire
1693 3759 226 75 anglais
1967 3759 72 74 de
2105 3757 264 75 100,000
2425 3756 262 75 hommes
2745 3755 142 75 avec

274 3836 237 81 l'armée
569 3836 161 81 belge
736 3836 10 81 .
812 3836 76 81 Ce
942 3836 193 81 projet
1192 3836 34 81 a
1291 3836 212 81 trouvé
1561 3836 419 81 l'approbation
2004 3836 18 81 "
2048 3836 80 81 du
2188 3836 137 81 chef
2381 3836 72 81 de
2511 3836 166 81 l'état
2682 3836 16 81 -
2687 3836 201 81 major

274 3912 223 80 anglais
499 3912 17 80 ,
572 3912 56 80 le
674 3912 242 80 général
921 3912 18 80 -
931 3912 191 80 major
1170 3912 277 80 Grierson
1456 3912 15 80 .
1524 3912 154 80 Tous
1732 3912 86 80 les
1856 3912 518 80 renseignements
2426 3912 364 80 concernant
2830 3912 58 80 la

279 3984 154 86 force
474 3984 60 86 et
590 3984 436 86 l'organisation
1078 3984 102 86 des
1236 3984 442 86 détachements
1726 3984 224 86 anglais
1963 3984 25 86 ,
2030 3984 60 86 la
2144 3984 394 86 composition
2578 3984 82 86 du
2704 3984 182 86 corps

260 4067 518 77 expéditionnaire
776 4067 19 74 ,
829 4066 88 74 les
949 4064 198 76 points
1189 4064 72 74 de
1299 4061 462 77 débarquement
1761 4061 20 74 ,
1819 4060 116 75 une
1977 4058 340 77 évaluation
2353 4058 80 74 du
2481 4056 190 75 temps
2717 4055 170 75 exact

271 4147 148 74 pour
457 4146 56 75 le
551 4145 302 75 transport
857 4145 14 74 ,
911 4144 108 74 etc.
1031 4144 14 74 ,
1087 4143 104 74 ont
1235 4142 92 75 été
1371 4141 228 75 fournis
1641 4141 34 74 à
1719 4139 176 76 l'état
1896 4139 18 74 -
1910 4139 191 74 major
2145 4138 164 74 belge
2312 4137 17 74 .
2381 4137 72 74 Se
2491 4135 252 76 bornant
2783 4135 102 74 sur

271 4223 94 74 ces
389 4221 498 76 renseignements
895 4220 12 74 ,
931 4219 164 76 l'état
1107 4219 18 74 -
1114 4218 195 75 major
1331 4217 166 75 belge
1523 4217 34 74 a
1591 4216 248 75 préparé
1879 4215 72 74 de
1981 4214 170 75 façon
2177 4213 274 75 détaillée
2489 4212 56 74 le
2581 4211 304 75 transport

274 4290 102 82 des
420 4290 240 82 troupes
700 4290 290 82 anglaises
1042 4290 146 82 dans
1240 4290 56 82 le
1342 4290 230 82 terrain
1614 4290 74 82 de
1736 4290 396 82 déploiement
2178 4290 168 82 belge
2354 4290 12 82 ,
2418 4290 130 82 leur
2592 4290 296 82 logement

273 4375 60 74 et
367 4375 130 74 leur
535 4373 296 75 entretien
879 4372 102 75 sur
1017 4371 164 75 place
1187 4371 10 74 .
1241 4370 156 75 Leur
1441 4368 372 76 coopération
1859 4368 32 74 a
1935 4367 92 75 été
2081 4366 234 75 étudiée
2361 4363 524 77 minutieusement

265 4453 220 70 jusque
531 4452 146 70 dans
717 4451 88 70 ses
859 4450 298 71 moindres
1201 4448 214 71 détails
1423 4448 10 70 .
1481 4447 164 71 Ainsi
1693 4447 84 70 un
1831 4446 186 70 grand
2065 4444 242 71 nombre
2357 4442 416 72 d'interprètes
2825 4442 60 70 et

275 4531 102 74 des
417 4529 344 76 gendarmes
799 4528 196 75 belges
1029 4526 278 76 devaient
1349 4526 124 74 être
1503 4525 112 74 mis
1651 4525 34 74 à
1729 4524 58 74 la
1827 4522 348 76 disposition
2217 4521 70 75 de
2340 4520 228 75 l'armée
2593 4519 266 75 anglaise
2864 4518 17 74 ,

275 4605 60 70 et
389 4605 82 70 les
513 4604 190 71 cartes
747 4602 356 72 nécessaires
1163 4601 276 71 devaient
1487 4601 90 70 lui
1629 4600 124 70 être
1807 4599 263 71 fournies
2075 4599 14 70 .
2149 4598 90 70 On
2293 4597 162 71 avait
2499 4596 198 72 même
2753 4596 134 70 déjà

273 4683 182 70 pensé
491 4682 116 71 aux
651 4681 158 71 soins
847 4681 34 70 à
919 4680 228 71 donner
1187 4679 116 71 aux
1345 4678 216 71 blessés
1601 4677 225 71 anglais
1829 4677 18 70 .

409 4761 357 72 Dunkerque
773 4761 18 70 ,
839 4760 194 71 Calais
1075 4759 60 70 et
1189 4757 298 72 Boulogne
1527 4755 224 72 étaient
1795 4754 218 71 prévus
2053 4752 224 71 comme
2319 4751 198 71 points
2567 4750 72 70 de
2685 4748 179 71 débar

275 4840 281 75 quement
599 4839 101 74 des
745 4837 241 75 troupes
1029 4835 287 75 anglaises
1316 4834 18 74 .
1385 4834 83 74 De
1515 4833 53 74 là
1611 4832 145 74 elles
1811 4829 277 76 devaient
2133 4828 125 75 être
2303 4826 271 76 amenées
2629 4825 147 74 dans
2831 4824 55 74 le

275 4914 226 77 terrain
543 4914 72 76 de
653 4911 398 78 déploiement
1109 4910 76 77 au
1241 4909 214 77 moyen
1503 4908 82 76 du
1639 4906 272 77 matériel
1959 4905 102 77 des
2103 4902 264 79 chemins
2413 4903 72 76 de
2527 4902 90 76 fer
2667 4900 196 77 belges
2869 4900 12 76 .

273 4993 80 76 Le
391 4991 460 78 débarquement
891 4990 302 77 préconisé
1225 4989 146 76 dans
1403 4988 100 77 des
1549 4987 164 77 ports
1751 4986 256 77 français
2047 4986 60 76 et
2147 4985 54 76 le
2247 4984 304 77 transport
2589 4984 34 76 à
2655 4982 232 77 travers

275 5071 54 74 le
351 5070 300 75 territoire
673 5068 256 75 français
951 5067 224 75 prouve
1215 5066 114 74 que
1367 5065 86 74 les
1491 5063 388 76 conventions
1903 5062 172 74 anglo
2081 5061 16 74 -
2103 5060 198 75 belges
2325 5060 106 74 ont
2464 5059 87 74 été
2577 5057 310 76 précédées

275 5143 74 74 de
369 5141 386 76 conventions
785 5141 140 74 avec
949 5140 169 74 l'état
1118 5140 18 74 -
1132 5139 193 75 major
1357 5137 251 76 français
1613 5138 18 74 .
1667 5137 108 74 Les
1815 5136 146 75 trois
2001 5134 340 76 puissances
2379 5134 102 74 ont
2519 5132 368 75 exactement

273 5221 116 72 fixé
433 5221 84 72 les
555 5220 220 72 projets
801 5219 150 72 pour
985 5219 58 72 la
1075 5217 420 73 collaboration
1533 5216 102 73 des
1689 5216 20 72 «
1733 5215 236 73 Armées
2013 5214 200 73 alliées
2237 5214 18 72 »
2273 5214 12 72 ,
2331 5213 222 73 comme
2587 5213 44 72 il
2665 5212 88 72 est
2797 5212 88 72 dit

278 5294 146 72 dans
468 5294 41 72 le
540 5294 316 72 document
862 5294 12 72 .
906 5294 134 72 Ceci
1062 5294 90 72 est
1184 5294 310 72 corroboré
1518 5294 108 72 par
1652 5294 56 72 le
1742 5294 110 72 fait
1890 5294 114 72 que
2008 5294 12 72 ,
2058 5294 146 72 dans
2240 5294 86 72 les
2371 5294 254 72 dossiers
2646 5294 218 72 secrets
2868 5294 16 72 ,

276 5370 118 78 une
422 5370 162 78 carte
622 5370 102 78 des
758 5370 336 78 opérations
1138 5370 72 78 de
1250 5370 396 78 déploiement
1688 5370 74 78 de
1800 5370 232 78 l'armée
2074 5370 294 78 française
2402 5370 34 78 a
2499 5370 78 78 été
2606 5370 258 78 trouvée
2872 5370 12 78 ,

430 5446 78 76 Le
552 5446 316 76 document
908 5446 340 76 mentionné
1288 5446 264 76 contient
1592 5446 284 76 quelques
1912 5446 340 76 remarques
2286 5446 226 76 offrant
2556 5446 82 76 un
2668 5446 220 76 intérêt

275 5530 340 75 particulier
622 5530 17 74 .
669 5529 50 74 A
755 5529 84 74 un
888 5527 208 75 certain
1149 5526 234 75 endroit
1427 5525 44 74 il
1509 5525 88 74 est
1639 5524 88 74 dit
1761 5523 114 75 que
1917 5523 54 74 le
2013 5521 334 75 lieutenant
2349 5521 20 74 -
2371 5520 228 75 colonel
2637 5518 248 75 Barnar

276 5598 198 78 diston
516 5598 160 78 avait
708 5598 110 78 fait
872 5598 276 78 observer
1182 5598 114 78 que
1302 5598 14 78 ,
1358 5598 150 78 pour
1544 5598 54 78 le
1642 5598 262 78 moment
1908 5598 14 78 ,
1966 5598 78 78 on
2090 5598 74 78 ne
2206 5598 246 78 pouvait
2490 5598 90 78 pas
2626 5598 262 78 compter

275 5685 102 70 sur
417 5683 222 72 l'appui
677 5684 72 70 de
791 5684 58 70 la
895 5682 259 72 Hollande
1152 5682 15 70 .
1213 5682 52 70 Il
1303 5681 194 71 aurait
1537 5680 326 71 également
1897 5679 110 71 fait
2049 5678 198 71 savoir
2283 5676 604 73 confidentiellement

274 5764 114 70 que
435 5764 54 70 le
532 5761 485 73 Gouvernement
1071 5760 224 71 anglais
1335 5759 163 70 avait
1542 5757 341 71 l'intention
1933 5756 73 71 de
2050 5754 372 72 transporter
2467 5754 34 70 à
2560 5753 225 71 Anvers
2829 5752 58 70 la

273 5839 136 72 base
471 5834 676 77 d'approvisionnement
1207 5833 256 73 anglaise
1469 5833 18 72 ,
1551 5832 106 73 dés
1723 5831 114 73 que
1899 5831 58 72 la
2017 5830 130 72 mer
2195 5829 80 72 du
2335 5828 166 72 Nord
2545 5826 194 73 aurait
2791 5826 94 72 été

278 5904 372 80 débarrassée
712 5904 72 80 de
838 5904 134 80 tous
1032 5904 84 80 les
1186 5904 236 80 navires
1478 5904 74 80 de
1614 5904 212 80 guerre
1884 5904 326 80 allemands
2213 5904 15 80 .
2298 5904 246 80 Ensuite
2610 5904 276 80 l'attaché

274 5984 280 80 militaire
602 5984 222 80 anglais
864 5984 298 80 proposait
1200 5984 56 80 la
1304 5984 264 80 création
1610 5984 144 80 d'un
1792 5984 224 80 service
2070 5984 416 80 d'espionnage
2526 5984 164 80 belge
2740 5984 146 80 dans

276 6068 58 68 la
368 6068 279 68 province
684 6068 262 68 rhénane
952 6068 12 68 .

406 6138 108 76 Les
536 6138 502 76 renseignements
1062 6138 312 76 militaires
1396 6138 348 76 découverts
1766 6138 284 76 trouvent
2074 6138 82 76 un
2180 6138 394 76 complément
2608 6138 278 76 précieux

276 6212 146 78 dans
466 6212 82 78 un
588 6212 242 78 rapport
878 6212 236 78 adressé
1154 6212 78 78 au
1288 6212 278 78 Ministre
1620 6212 102 78 des
1774 6212 240 78 affaires
2058 6212 340 78 étrangères
2438 6212 108 78 par
2590 6212 56 78 le
2700 6212 186 78 baron

276 6288 338 80 GREINDL
620 6288 14 80 ,
676 6288 104 80 qui
816 6288 34 80 a
890 6288 94 80 été
1026 6288 264 80 pendant
1324 6288 72 80 de
1430 6288 246 80 longues
1712 6288 218 80 années
1936 6288 14 80 ,
1990 6288 236 80 Ministre
2250 6288 58 80 de
2332 6288 244 80 Belgique
2618 6288 30 80 à
2680 6288 175 80 Berlin
2865 6288 18 80 ,

273 6373 242 74 rapport
557 6372 70 74 se
663 6371 282 75 trouvant
987 6370 328 75 également
1365 6369 190 74 parmi
1595 6368 86 74 les
1725 6367 234 75 papiers
2013 6366 218 75 secrets
2239 6366 10 74 .
2307 6365 158 75 Dans
2527 6365 66 74 ce
2643 6364 242 74 rapport

276 6440 134 82 sont
448 6440 292 82 dévoilées
746 6440 14 82 ,
800 6440 142 82 avec
976 6440 116 82 une
1134 6440 220 82 grande
1402 6440 382 82 perspicacité
1790 6440 14 82 ,
1824 6440 100 82 les
1948 6440 251 82 arrière
2201 6440 22 82 -
2230 6440 232 82 pensées
2508 6440 102 82 qui
2644 6440 134 82 sont
2808 6440 76 82 au

273 6525 142 74 fond
465 6525 72 74 de
589 6524 56 74 la
691 6522 364 76 proposition
1099 6521 263 75 anglaise
1363 6521 18 74 ,
1429 6521 60 74 et
1529 6520 56 74 le
1633 6519 276 75 Ministre
1961 6519 40 74 y
2045 6518 178 74 attire
2269 6516 338 75 l'attention
2663 6516 102 74 sur
2819 6515 64 74 ce

274 6606 113 72 que
436 6605 272 73 présente
762 6604 71 72 de
889 6602 253 73 critique
1186 6602 58 72 la
1288 6600 286 74 situation
1614 6599 147 73 dans
1828 6598 244 73 laquelle
2128 6597 58 72 la
2239 6596 283 73 Belgique
2565 6595 133 72 s'est
2738 6594 145 73 mise

275 6683 106 72 par
423 6682 116 73 une
589 6681 156 73 prise
793 6680 72 73 de
911 6679 156 73 parti
1125 6677 352 74 unilatérale
1525 6676 74 73 en
1641 6675 210 73 faveur
1897 6674 102 73 des
2051 6672 340 74 puissances
2447 6671 74 73 de
2563 6670 296 73 l'Entente
2867 6669 12 72 .

275 6757 156 70 Dans
475 6756 64 71 ce
585 6755 244 71 rapport
869 6754 124 71 très
1039 6752 426 72 circonstancié
1469 6752 14 70 ,
1531 6751 134 71 daté
1715 6751 80 70 du
1837 6750 74 70 23
1959 6748 306 72 décembre
2317 6748 152 70 1911
2519 6747 60 70 et
2633 6746 146 71 dont
2825 6746 58 70 la

276 6828 362 76 publication
674 6828 286 76 complète
996 6828 154 76 reste
1190 6828 270 76 réservée
1466 6828 14 76 ,
1522 6828 56 76 le
1614 6828 184 76 baron
1842 6828 246 76 Greindl
2126 6828 266 76 constate
2432 6828 114 76 que
2590 6828 54 76 le
2692 6828 194 76 projet

278 6906 72 76 de
376 6906 165 76 l'état
542 6906 18 76 -
560 6906 188 76 major
788 6906 164 76 belge
960 6906 12 76 ,
1014 6906 150 76 pour
1204 6906 56 76 la
1286 6906 236 76 défense
1556 6906 72 76 de
1662 6906 58 76 la
1754 6906 320 76 neutralité
2128 6906 166 76 belge
2336 6906 146 76 dans
2522 6906 116 76 une
2674 6906 210 76 guerre

276 6981 190 82 franco
491 6981 17 82 -
510 6981 322 82 allemande
832 6981 17 82 ,
896 6981 75 82 ne
1009 6981 179 82 traite
1240 6981 113 82 que
1387 6981 58 82 la
1503 6981 403 82 questiona
1886 6981 24 82 «
1957 6981 241 82 Quelles
2247 6981 266 82 mesures
2566 6981 318 82 militaires

278 7056 256 78 seraient
590 7056 34 78 à
674 7056 254 78 prendre
970 7056 78 78 au
1094 7056 96 78 cas
1242 7056 76 78 où
1378 7056 380 78 l'Allemagne
1822 7056 274 78 violerait
2136 7056 58 78 la
2242 7056 324 78 neutralité
2622 7056 164 78 belge
2830 7056 18 78 »
2866 7056 14 78 ,

279 7141 114 74 que
437 7140 328 75 cependant
821 7138 368 76 l'hypothèse
1239 7137 176 75 d'une
1426 7136 334 75 agression
1811 7134 290 75 française
2149 7133 204 75 contre
2403 7132 378 75 l'Allemagne
2781 7132 18 74 ,
2849 7131 34 74 à

280 7208 228 82 travers
566 7208 58 82 la
688 7208 280 82 Belgique
976 7208 12 82 ,
1059 7208 266 82 présente
1401 7208 134 82 tout
1586 7208 210 82 autant
1854 7208 74 82 de
1994 7208 380 82 probabilités
2382 7208 10 82 .
2464 7208 78 82 Le
2604 7208 280 82 Ministre

280 7288 322 78 développe
640 7288 156 78 alors
840 7288 454 78 textuellement
1320 7288 66 78 ce
1422 7288 104 78 qui
1572 7288 120 78 suit
1740 7288 12 78 :

456 7388 132 92 Du
632 7388 172 92 côté
852 7388 343 92 français
1196 7388 24 92 ,
1264 7388 72 92 le
1392 7388 296 92 danger
1736 7388 328 92 n'existe
2096 7388 156 92 pas
2300 7388 440 92 seulement
2780 7388 104 92 au

283 7491 148 88 sud
475 7490 108 89 du
611 7488 549 90 Luxembourg
1163 7488 24 88 .
1219 7487 72 89 Il
1335 7486 200 89 nous
1567 7485 324 89 menace
1923 7484 136 89 sur
2091 7483 220 89 toute
2355 7481 392 90 l'étendue
2783 7481 96 88 de

280 7580 80 90 la
384 7580 376 90 frontière
784 7580 413 90 commune
1196 7580 16 90 .
1242 7580 212 90 Pour
1476 7580 385 90 l'affirmer
1873 7580 22 90 ,
1926 7580 202 90 nous
2162 7580 174 90 n'en
2368 7580 344 90 sommes
2738 7580 144 90 pas

279 7678 304 93 réduits
615 7678 160 92 aux
811 7675 483 94 conjectures
1298 7675 25 92 ,
1359 7674 200 93 nous
1591 7673 252 93 avons
1887 7673 136 92 des
2071 7671 348 93 données
2467 7669 392 94 positives
2863 7669 16 92 .

451 7775 260 92 L'idée
743 7774 184 92 d'un
955 7771 516 95 mouvement
1495 7770 384 93 tournant
1915 7769 148 93 par
2095 7769 72 92 le
2199 7768 204 93 nord
2447 7767 124 93 est
2617 7766 249 93 certai

284 7866 322 92 nement
636 7866 268 92 entrée
954 7866 200 92 dans
1190 7866 116 92 les
1350 7866 584 92 combinaisons
1970 7866 96 92 de
2100 7866 370 92 l'entente
2514 7866 344 92 cordiale
2864 7866 14 92 .

286 7962 134 94 S'il
474 7962 100 94 en
624 7962 198 94 était
882 7962 461 94 autrement
1333 7962 23 94 ,
1408 7962 74 94 le
1542 7962 264 94 projet
1866 7962 96 94 de
2026 7962 332 94 fortifier
2420 7962 462 94 Flessingue

285 8060 336 97 n'aurait
649 8060 146 96 pas
821 8058 324 97 soulevé
1167 8058 96 96 de
1293 8057 230 96 telles
1549 8054 390 99 clameurs
1971 8055 50 96 à
2051 8054 230 96 Paris
2307 8053 80 96 et
2419 8053 50 96 à
2499 8051 356 98 Londres
2865 8051 12 96 .

286 8150 122 102 On
462 8150 128 102 n'y
642 8150 50 102 a
734 8150 146 102 pas
938 8150 146 102 fait
1136 8150 354 102 mystère
1544 8150 96 102 de
1700 8150 82 102 la
1826 8150 268 102 raison
2138 8150 200 102 pour
2394 8150 340 102 laquelle
2780 8150 102 102 on

3055 2526 281 89 voulut
3367 2525 153 89 que
3563 2523 353 89 l'Escaut
3963 2521 257 89 restât
4247 2519 193 89 sans
4471 2517 307 90 défense
4790 2517 22 88 .
4855 2515 273 90 C'était
5171 2514 201 89 dans
5415 2513 77 88 le
5519 2512 145 89 but

3060 2616 296 92 d'avoir
3400 2616 224 92 toute
3668 2616 296 92 facilité
4012 2616 204 92 pour
4264 2616 324 92 amener
4616 2616 156 92 une
4804 2616 376 92 garnison
5232 2616 352 92 anglaise
5616 2616 52 92 à

3062 2714 310 98 Anvers
3373 2714 27 98 ,
3426 2714 204 98 donc
3662 2714 202 98 dans
3900 2714 72 98 le
3996 2714 148 98 but
4176 2714 96 98 de
4298 2714 86 98 se
4416 2714 380 98 procurer
4828 2714 192 98 chez
5054 2714 200 98 nous
5286 2714 156 98 une
5474 2714 194 98 base

3059 2808 485 99 d'opération
3567 2806 201 97 pour
3791 2805 157 97 une
3979 2801 385 99 offensive
4392 2799 200 98 dans
4615 2799 81 96 la
4723 2795 385 99 direction
5139 2794 109 97 du
5279 2793 145 96 bas
5451 2791 213 97 Rhin

3060 2904 76 100 et
3180 2904 96 100 de
3320 2904 80 100 la
3452 2904 500 100 Westphalie
3996 2904 80 100 et
4120 2904 96 100 de
4264 2904 200 100 nous
4512 2904 404 100 entraîner
4964 2904 48 100 à
5040 2904 84 100 la
5156 2904 204 100 suite
5368 2904 12 100 ,
5416 2904 84 100 ce
5536 2904 136 100 qui

3059 3007 208 88 n'eut
3287 3006 144 88 pas
3459 3005 124 89 été
3615 3003 308 90 difficile
3925 3003 22 88 ,
3979 3002 204 89 nous
4211 3001 224 89 étant
4459 2999 376 90 dessaisis
4867 2999 108 88 du
4995 2997 264 89 réduit
5287 2994 372 91 national
5645 2995 22 88 ,

3059 3107 202 90 nous
3285 3106 202 91 nous
3513 3105 304 91 serions
3841 3104 268 91 privés
4137 3103 96 90 de
4259 3102 230 91 notre
4517 3101 286 91 propre
4829 3099 516 92 mouvement
5375 3099 96 90 de
5493 3098 178 90 tout

3059 3202 289 93 moyen
3383 3201 97 93 de
3503 3199 341 94 résister
3879 3198 161 93 aux
4079 3194 485 96 injonctions
4599 3194 141 92 des
4771 3191 497 94 protecteurs
5315 3188 353 94 douteux

3059 3299 152 88 que
3243 3298 204 89 nous
3479 3296 324 89 aurions
3851 3295 96 88 eu
3991 3292 560 91 l'imprudence
4587 3291 128 89 d'y
4747 3289 397 90 admettre
5140 3289 20 88 .
5195 3288 152 89 Les
5391 3287 276 89 ouver

3059 3391 220 92 tures
3331 3390 48 92 à
3427 3390 80 92 la
3551 3389 152 92 fois
3747 3387 340 93 perfides
4119 3387 80 92 et
4247 3385 280 94 naives
4575 3384 108 93 du
4735 3383 304 93 colonel
5095 3379 576 96 Barnardiston

3060 3480 160 88 lors
3272 3480 92 88 de
3400 3480 76 88 la
3516 3480 456 88 conclusion
4020 3480 96 88 de
4160 3480 372 88 l'entente
4584 3480 344 88 cordiale
4936 3480 12 88 ,
4984 3480 200 88 nous
5220 3480 136 88 ont
5417 3480 251 88 claire

3059 3583 220 88 ment
3331 3581 152 89 fait
3511 3581 176 88 voir
3723 3580 96 88 de
3867 3579 188 88 quoi
4083 3578 60 88 il
4191 3576 383 90 s'agissait
4575 3576 24 88 .
4651 3574 296 90 Quand
4995 3574 56 88 il
5095 3573 52 88 a
5179 3573 128 88 été
5347 3571 324 89 évident

3061 3683 150 92 que
3249 3682 202 93 nous
3483 3681 98 93 ne
3631 3680 202 93 nous
3863 3678 462 94 laisserions
4373 3677 144 93 pas
4555 3675 412 94 émouvoir
4999 3674 146 93 par
5175 3674 74 92 le
5285 3672 390 94 prétendu

3064 3770 294 96 danger
3412 3770 98 96 de
3570 3770 80 96 la
3712 3770 430 96 fermeture
4206 3770 96 96 de
4364 3770 352 96 l'Escaut
4724 3770 12 96 ,
4796 3770 76 96 le
4932 3770 190 96 plan
5174 3770 124 96 n'a
5352 3770 146 96 pas
5550 3770 126 96 été

3062 3866 474 90 abandonné
3546 3866 12 90 ,
3592 3866 202 90 inais
3842 3866 312 90 modifié
4190 3866 100 90 en
4328 3866 84 90 ce
4462 3866 182 90 sens
4680 3866 152 90 que
4880 3866 314 90 l'armée
5228 3866 96 90 de
5358 3866 320 90 secours

3057 3966 358 97 anglaise
3473 3965 114 97 ne
3625 3964 266 97 serait
3935 3963 149 97 pas
4137 3961 442 98 débarquée
4640 3960 135 97 sur
4840 3960 54 96 la
4933 3959 224 97 côte
5183 3957 226 98 belge
5414 3958 28 96 ,
5473 3957 199 96 mais

3062 4060 200 92 dans
3302 4060 118 92 les
3462 4060 224 92 ports
3718 4060 350 92 français
4092 4060 116 92 les
4240 4060 180 92 plus
4450 4060 304 92 voisins
4776 4060 16 92 ;
4832 4060 186 92 c'est
5050 4060 86 92 ce
5160 4060 206 92 dont
5409 4060 273 92 témoi

3062 4152 244 100 gnent
3336 4152 118 100 les
3486 4152 490 100 révélations
4018 4152 106 100 du
4172 4152 396 100 capitaine
4602 4152 260 100 Faber
4868 4152 14 100 ,
4924 4152 134 100 qui
5104 4152 216 100 n'ont
5366 4152 144 100 pas
5554 4152 124 100 été

3064 4244 434 102 démenties
3506 4244 14 102 ,
3578 4244 144 102 pas
3774 4244 182 102 plus
4010 4244 152 102 que
4212 4244 98 102 ne
4364 4244 192 102 l'ont
4618 4244 124 102 été
4796 4244 116 102 les
4962 4244 560 102 informations
5582 4244 94 102 de

3056 4344 410 96 journaux
3498 4344 136 96 qui
3666 4344 116 96 les
3818 4344 142 96 ont
3992 4344 470 96 confirmées
4510 4344 102 96 ou
4648 4344 476 96 complétées
5156 4344 138 96 sur
5332 4344 346 96 certains

3060 4432 264 96 points
3336 4432 8 96 .
3420 4432 224 96 Cette
3712 4432 268 96 armée
4056 4432 352 96 anglaise
4480 4432 448 96 débarquée
5000 4432 52 96 à
5128 4432 260 96 Calais
5472 4432 80 96 et
5632 4432 48 96 à

3063 4540 496 94 Dunkerque
3576 4540 100 94 ne
3700 4540 392 94 longerait
4122 4540 146 94 pas
4294 4540 228 94 notre
4556 4540 384 94 frontière
4991 4540 277 94 jusqu'à
5316 4540 360 94 Longwy

3064 4628 194 104 pour
3288 4628 398 104 atteindre
3708 4628 522 104 l'Allemagne
4238 4628 12 104 .
4282 4628 172 104 Elle
4480 4628 386 104 entrerait
4904 4628 178 104 tout
5118 4628 96 104 de
5246 4628 206 104 suite
5486 4628 194 104 chez

3062 4728 200 104 nous
3328 4728 146 104 par
3536 4728 74 104 le
3666 4728 202 104 nord
3872 4728 24 104 -
3900 4728 228 104 ouest
4134 4728 14 104 ,
4218 4728 86 104 ce
4374 4728 138 104 qui
4562 4728 112 104 lui
4736 4728 424 104 donnerait
5222 4728 452 104 l'avantage

3064 4826 340 94 d'entrer
3458 4826 682 94 immédiatement
4194 4826 100 94 en
4347 4826 249 94 action
4620 4826 28 94 ,
4660 4826 114 94 de
4836 4826 464 94 rencontrer
5360 4826 314 94 l'armée

3062 4922 222 94 belge
3292 4922 14 94 ,
3354 4922 68 94 si
3472 4922 202 94 nous
3736 4922 398 94 risquions
4190 4922 156 94 une
4390 4922 326 94 bataille
4782 4922 202 94 dans
5038 4922 156 94 une
5248 4922 270 94 région
5572 4922 102 94 où

3061 5027 200 94 nous
3307 5026 100 94 ne
3455 5024 366 96 pouvons
3869 5023 202 95 nous
4113 5021 362 96 appuyer
4531 5021 138 94 sur
4717 5019 310 95 aucune
5071 5017 429 96 forteresse
5509 5017 24 94 ;
5577 5016 96 95 de

3079 5114 411 98 s'emparer
3522 5114 94 98 de
3640 5114 422 98 provinces
4092 5114 256 98 riches
4376 5114 98 98 en
4492 5114 456 98 ressources
4980 5114 96 98 de
5108 5114 222 98 toute
5374 5114 276 98 espèce
5660 5114 16 98 ;

3060 5208 96 92 en
3192 5208 176 92 tout
3404 5208 132 92 cas
3544 5208 12 92 ,
3592 5208 448 92 d'entraver
4088 5208 228 92 notre
4360 5208 544 92 mobilisation
4952 5208 100 92 ou
5088 5208 96 92 de
5232 5208 100 92 ne
5376 5208 80 92 la
5512 5208 156 92 per

3062 5306 286 102 mettre
3416 5306 364 102 qu'après
3846 5306 228 102 avoir
4128 5306 296 102 obtenu
4488 5306 96 102 de
4628 5306 220 102 nous
4910 5306 138 102 des
5112 5306 558 102 engagements

3064 5400 322 94 formels
3434 5400 362 94 donnant
3840 5400 484 94 l'assurance
4372 5400 152 94 que
4558 5400 204 94 cette
4796 5400 538 94 mobilisation
5386 5400 84 94 se
5500 5400 172 94 fera

3063 5501 102 90 au
3197 5500 238 91 profit
3469 5500 96 90 de
3599 5497 520 92 l'Angleterre
4151 5497 80 90 et
4263 5496 96 91 de
4393 5496 146 90 son
4571 5494 232 92 alliée
4812 5494 15 90 ,

3232 5588 68 96 Il
3344 5588 124 96 est
3504 5588 508 96 absolument
4056 5588 592 96 indispensable
4684 5588 380 96 d'arrêter
5108 5588 52 96 à
5200 5588 356 96 l'avance
5596 5588 72 96 le

3063 5690 189 97 plan
3307 5689 97 97 de
3467 5686 433 99 campagne
3947 5684 153 97 que
4155 5681 341 99 suivrait
4551 5678 317 99 l'armée
4919 5677 225 97 belge
5203 5675 201 97 dans
5463 5673 205 97 cette

3061 5784 446 93 hypothèse
3513 5784 16 92 ,
3571 5783 218 92 aussi
3831 5782 184 92 bien
4055 5781 202 93 dans
4299 5780 340 93 l'intérêt
4685 5779 94 92 de
4831 5778 230 93 notre
5109 5777 318 93 défense
5454 5775 214 94 mili

3059 5883 200 92 taire
3315 5882 152 92 que
3515 5881 204 93 pour
3771 5881 80 92 la
3903 5879 384 93 direction
4335 5878 92 92 de
4479 5877 224 93 notre
4763 5875 380 94 politique
5199 5873 441 95 extérieure
5641 5873 22 92 ,

3060 5972 204 100 dans
3320 5972 72 100 le
3444 5972 136 100 cas
3636 5972 100 100 où
3788 5972 80 100 la
3924 5972 276 100 guerre
4256 5972 412 100 éclaterait
4728 5972 224 100 entre
5012 5972 512 100 l'Allemagne
5580 5972 84 100 et

3063 6076 77 73 la
3191 6077 305 77 France
3498 6081 13 72 .

3193 6197 106 74 Ces
3325 6195 514 76 développements
3847 6195 12 74 ,
3885 6194 224 75 venant
4131 6193 178 75 d'une
4333 6192 206 75 source
4571 6192 150 74 libre
4757 6191 72 74 de
4863 6190 132 75 tout
5021 6189 246 75 préjugé
5263 6189 18 74 ,
5309 6188 362 75 fournissent

3059 6274 56 74 la
3141 6273 220 75 preuve
3381 6272 392 75 péremptoire
3799 6271 80 74 du
3904 6270 109 75 fait
4034 6270 114 74 que
4168 6269 154 75 cette
4344 6268 185 75 même
4546 6267 342 75 Angleterre
4895 6267 13 74 ,
4934 6266 104 74 qui
5053 6266 61 74 se
5141 6265 138 74 pose
5302 6263 369 76 maintenant

3054 6340 78 80 en
3156 6340 350 80 protectrice
3546 6340 72 80 de
3642 6340 58 80 la
3732 6340 320 80 neutralité
4078 6340 164 80 belge
4248 6340 14 80 ,
4298 6340 34 80 a
4358 6340 204 80 décidé
4600 6340 58 80 la
4694 6340 280 80 Belgique
5006 6340 34 80 à
5080 6340 118 80 une
5232 6340 156 80 prise
5424 6340 72 80 de
5516 6340 156 80 parti

3060 6420 350 76 unilatérale
3454 6420 76 76 au
3583 6420 171 76 profit
3792 6420 100 76 des
3934 6420 336 76 puissances
4306 6420 74 76 de
4422 6420 298 76 l'Entente
4726 6420 14 76 ,
4782 6420 60 76 et
4882 6420 132 76 qu'à
5054 6420 82 76 un
5178 6420 260 76 moment
5476 6420 194 76 donné

3060 6496 108 78 elle
3206 6496 34 78 a
3264 6496 188 78 même
3490 6496 176 78 songé
3704 6496 34 78 à
3776 6496 116 78 une
3928 6496 286 78 violation
4258 6496 70 78 de
4354 6496 56 78 la
4446 6496 320 78 neutralité
4804 6496 364 78 hollandaise
5176 6496 8 78 .
5230 6496 82 78 De
5336 6496 132 78 plus
5474 6496 14 78 ,
5530 6496 44 78 il
5596 6496 74 78 en

3066 6570 208 80 résulte
3340 6570 114 80 que
3510 6570 56 80 le
3626 6570 482 80 Gouvernement
4160 6570 166 80 belge
4332 6570 14 80 ,
4396 6570 74 80 en
4532 6570 238 80 prêtant
4826 6570 244 80 l'oreille
5128 6570 116 80 aux
5304 6570 366 80 suggestions

3094 6658 249 74 nglaises
3349 6658 14 72 ,
3403 6658 138 72 s'est
3583 6657 192 72 rendu
3823 6655 280 73 coupable
4163 6654 176 73 d'une
4385 6653 178 73 grave
4607 6651 320 74 infraction
4981 6651 114 72 aux
5151 6649 234 73 devoirs
5431 6649 102 72 qui
5581 6648 86 72 lui

3058 6724 394 82 incombaient
3496 6724 74 82 en
3624 6724 66 82 sa
3734 6724 224 82 qualité
4002 6724 72 82 de
4130 6724 308 82 puissance
4494 6724 210 82 neutre
4712 6724 12 82 .
4780 6724 610 82 L'accomplissement
5446 6724 72 82 de
5572 6724 94 82 ces

3060 6804 230 78 devoirs
3328 6804 196 78 aurait
3558 6804 168 78 exigé
3750 6804 126 78 que
3912 6804 56 78 le
3998 6804 478 78 Gouvernement
4510 6804 167 78 belge
4676 6804 18 78 ,
4722 6804 146 78 dans
4908 6804 90 78 ses
5030 6804 224 78 projets
5290 6804 74 78 de
5400 6804 241 78 défense
5641 6804 19 78 ,

3057 6887 82 74 ait
3169 6886 328 75 également
3541 6885 188 74 prévu
3775 6884 58 74 la
3871 6883 284 75 violation
4195 6882 106 75 par
4333 6882 58 74 la
4429 6881 222 75 France
4695 6880 72 74 de
4809 6880 58 74 la
4911 6878 318 76 neutralité
5273 6877 164 75 belge
5473 6877 60 74 et
5577 6876 84 75 ait

3057 6965 107 74 fait
3165 6965 18 74 ,
3209 6964 150 74 pour
3389 6963 66 74 ce
3485 6962 96 75 cas
3589 6962 12 74 ,
3627 6961 140 75 avec
3803 6958 376 77 l'Allemagne
4219 6957 100 75 des
4347 6955 384 76 conventions
4767 6953 314 75 analogues
5111 6952 34 74 à
5181 6951 174 75 celles
5387 6949 274 75 conclues

3058 7032 138 76 avec
3224 7032 58 76 la
3302 7032 234 76 France
3578 7032 60 76 et
3674 7032 384 76 l'Angleterre
4066 7032 12 76 ,
4114 7032 108 76 Les
4256 7032 192 76 pièces
4486 7032 380 76 découvertes
4894 7032 364 76 constituent
5292 7032 116 76 une
5440 7032 222 76 preuve

3058 7110 434 74 documentaire
3538 7110 70 74 de
3656 7110 58 74 la
3754 7110 358 74 connivence
4158 7110 164 74 belge
4350 7110 166 74 avec
4560 7110 86 74 les
4688 7110 338 74 puissances
5074 7110 72 74 de
5190 7110 298 74 l'Entente
5490 7110 14 74 ,
5552 7110 110 74 fait

3058 7184 190 78 connu
3285 7184 110 78 des
3420 7184 252 78 services
3708 7184 364 78 compétents
4108 7184 324 78 allemands
4466 7184 100 78 dès
4614 7184 181 78 avant
4820 7184 60 78 la
4912 7184 213 78 guerre
5127 7184 14 78 .
5184 7184 154 78 Elles
5364 7184 296 78 justifient

3058 7266 168 74 notre
3284 7266 196 74 action
3534 7266 282 74 militaire
3874 7266 60 74 et
3982 7266 350 74 confirment
4374 7266 86 74 les
4508 7266 412 74 informations
4982 7266 204 74 reçues
5244 7266 106 74 par
5404 7266 54 74 le
5514 7266 146 74 haut

3058 7342 506 72 commandement
3614 7342 72 72 de
3730 7342 236 72 l'armée
4014 7342 330 72 allemande
4390 7342 356 72 concernant
4798 7342 84 72 les
4932 7342 326 72 intentions
5318 7342 315 72 françaises
5635 7342 19 72 .

3197 7421 258 73 Qu'elles
3493 7421 254 73 ouvrent
3785 7421 85 73 les
3910 7421 155 73 yeux
4106 7421 77 73 au
4210 7421 221 73 peuple
4476 7421 165 73 belge
4679 7421 103 73 sur
4822 7421 149 73 ceux
5018 7421 287 73 auxquels
5346 7421 44 73 il
5435 7421 126 73 doit
5603 7421 57 73 la

3058 7494 370 74 catastrophe
3468 7494 104 74 qui
3616 7494 370 74 maintenant
4006 7494 138 74 s'est
4190 7494 320 74 déchaînée
4550 7494 104 74 sur
4694 7494 66 74 ce
4800 7494 388 74 malheureux
5230 7494 144 74 pays
5380 7494 14 74 .

4671 7676 161 77 Par
4887 7678 233 78 ordre
5167 7680 13 76 :

4203 7851 245 136 von
4539 7845 1077 141 MANTEUFFEL
5619 7844 29 136 ,

4676 8012 520 86 Gouverneur

4392 8144 96 80 de
4532 8144 80 80 la
4660 8144 348 80 Flandre
5056 8144 400 80 Orientale
5459 8144 21 80 .
