5787 9114
271 49 726 534 Mr
1110 75 1592 561 Verhagen

456 242 79 273 C

899 880 149 113 E.
1131 881 169 113 H.
1407 883 132 113 O.
1655 884 93 113 7
1827 885 281 114 Mei
2183 887 349 115 1916
2538 890 21 112 .

4804 947 290 256 594

1450 1496 313 159 Aan
1850 1500 238 158 het
2182 1503 1357 170 Gemeentebestuur
3629 1518 266 158 van
3978 1521 432 161 Melle
4433 1526 27 156 .

4418 1513 49 165 .

760 2136 1416 344 Winning
2336 2136 584 344 van
3121 2136 1232 344 Bladeren
4433 2136 608 344 hooi
5028 2136 60 344 .

878 2856 90 184 1.
1142 2858 282 187 Ten
1581 2862 402 187 einde
2120 2866 1275 195 paardenvoedsel
3521 2878 107 185 te
3758 2880 714 190 bekomen
4566 2887 451 188 wordt
5117 2892 306 186 men

398 3048 650 189 verzocht
1142 3054 138 185 al
1350 3056 169 186 de
1566 3058 426 188 jonge
2072 3062 631 190 scheuten
2813 3069 57 184 (
2856 3069 1111 193 waterscheuten
3974 3079 57 184 )
4125 3080 155 185 af
4334 3082 129 185 te
4575 3083 503 190 snijden
5184 3089 237 186 van

3048 2955 995 207 parkering

399 3264 792 171 populieren
1202 3267 46 168 ,
1351 3268 441 170 linden
1815 3270 41 168 ,
1943 3271 529 170 ahorns
2570 3273 162 169 of
2799 3274 880 172 eschdoorns
3679 3278 41 168 ,
3807 3279 573 170 esschen
4407 3282 41 168 ,
4567 3282 365 170 elzen
4959 3284 41 168 ,
5129 3284 295 171 wil

383 3464 257 184 gen
654 3465 25 184 ,
775 3466 258 184 enz
1040 3467 25 184 .
1247 3468 249 185 Die
1583 3470 873 188 afsnijlingen
2527 3474 553 187 moeten
3151 3477 257 185 een
3471 3479 489 186 weinig
4023 3482 705 187 gedroogd
4799 3486 566 186 worden
5372 3488 44 184 ,

651 3502 42 129 ,
1035 3491 41 129 .

383 3664 161 168 ze
639 3665 577 171 worden
1311 3669 273 169 dan
1694 3671 673 172 gesneden
2486 3676 148 168 en
2743 3677 745 172 vermengd
3583 3682 273 170 met
3967 3685 425 170 haver
4519 3688 161 169 of
4791 3690 322 169 hooi
5247 3692 169 169 en

383 3858 497 178 dienen
1019 3863 261 176 zoo
1421 3866 209 176 tot
1771 3869 585 178 voedsel
2446 3874 271 177 aan
2827 3877 179 176 de
3074 3879 637 180 paarden
4009 3880 271 176 Tot
4369 3885 179 175 23
4613 3889 423 178 Juni
5057 3896 118 174 is
5268 3899 135 174 te

367 4063 562 172 melden
1039 4067 585 170 hoeveel
1707 4069 1026 174 kilogrammen
2817 4075 306 169 men
3235 4076 958 173 beschikbaar
4254 4081 407 170 heeft
4670 4083 50 168 .

855 4336 120 177 2.
1133 4337 326 179 Men
1575 4341 113 177 is
1783 4342 673 181 verplicht
2548 4348 251 178 den
2911 4350 1137 185 varkenskweek
4111 4359 577 180 zooveel
4759 4364 649 181 mogelijk

375 4532 189 181 uit
655 4533 133 181 te
872 4535 580 184 breiden
1484 4539 55 180 .
1651 4540 317 183 Men
2087 4543 281 183 kan
2463 4546 293 182 zich
2847 4549 381 183 laten
3315 4551 837 187 inschrijven
4243 4558 228 182 ten
4548 4560 860 187 Gemeente

379 4747 393 163 huize
867 4751 345 161 voor
1299 4753 233 162 het
1627 4755 525 163 voeder

863 4968 313 169 Men
1271 4969 113 169 is
1479 4970 721 171 insgelijks
2295 4974 673 171 verplicht
3063 4977 578 171 zooveel
3735 4980 322 170 hooi
4143 4982 629 171 mogelijk
4879 4985 129 169 te
5070 4986 330 169 win

376 5168 237 192 nen
653 5168 28 192 ,
776 5168 160 192 en
1040 5168 168 192 de
1289 5168 581 192 beesten
1984 5168 528 192 slechts
2608 5168 248 192 per
2952 5168 736 192 perceelen
3784 5168 168 192 de
4057 5168 557 192 weiden
4760 5168 128 192 te
5032 5168 368 192 laten

367 5359 644 180 afgrazen
1016 5362 49 176 ,
1159 5363 161 176 en
1423 5364 169 176 de
1687 5365 377 177 dood
2159 5367 777 179 gegraasde
3031 5370 617 179 plekken
3735 5373 137 176 te
3967 5374 737 179 herzaaien
4719 5377 25 176 .

847 5632 129 176 3.
1143 5633 209 176 De
1447 5634 689 178 personen
2239 5637 217 176 die
2554 5638 250 177 hun
2919 5639 441 178 paard
3455 5641 729 180 afgestaan
4279 5644 545 178 hebben
4897 5647 252 176 aan
5231 5648 169 176 de

375 5828 665 180 Duitsche
1135 5833 686 180 Overheid
1847 5837 41 176 ,
1979 5838 157 177 of
2211 5840 549 179 hunnen
2851 5844 577 179 werkos
3519 5848 645 181 geleverd
4259 5853 521 180 hebben
4803 5857 41 176 ,
4943 5858 165 177 en
5179 5859 217 177 die

359 6040 679 171 begeeren
1202 6044 240 169 een
1599 6046 441 170 paard
2191 6049 137 169 te
2478 6051 545 170 koopen
3135 6054 553 171 moeten
3803 6058 259 169 zich
4175 6060 561 170 morgen
4839 6063 561 171 Zondag

368 6232 925 192 voormiddag
1286 6232 43 192 ,
1424 6232 368 192 laten
1888 6232 824 192 inschrijven
2832 6232 190 192 ten
3144 6232 1162 192 Gemeentehuize
4316 6232 36 192 .

844 6496 123 169 4.
1150 6500 202 170 De
1494 6504 713 177 aandacht
2333 6514 258 172 der
2718 6519 1001 181 landbouwers
3853 6533 458 174 wordt
4421 6540 698 177 geroepen
5213 6550 186 171 op

366 6700 177 178 de
633 6702 546 182 nieuwe
1266 6708 1026 186 voorschriften
2385 6719 346 179 voor
2822 6723 173 178 de
3086 6725 976 186 springstieren
4074 6735 47 176 .

1870 7053 788 488 NEENTEBESTUUR
2565 7225 205 205 VAN

3407 7124 205 138 De
3703 7127 1060 146 Burgemeester
4755 7137 33 136 ,

3144 7304 256 168 Baron
3496 7304 152 168 van
3720 7304 616 168 Pottelsberghe
4392 7304 96 168 de
4560 7304 72 168 la
4696 7304 352 168 Potterie
5056 7304 16 168 .

2174 7306 202 209 1

2665 7374 213 352 MELLE

1949 7701 65 24 *

2349 7787 155 68 MARKS

1960 7748 231 237 OOST
2182 7898 53 136 -
2195 7761 609 369 VLAANDEREN
2720 7716 125 119 *
