6588 9566
1368 504 3920 392 VERORDENING

623 960 497 305 Voor
1263 963 217 304 de
1623 964 1225 310 borgstelling
2927 970 361 306 van
3367 972 217 305 de
3655 974 793 307 voeding
4591 978 321 305 der
5055 980 1001 309 bevolking

2464 1224 624 240 wordt
3224 1224 784 240 bevolen
4096 1224 40 240 :

5842 1410 188 120 1033

887 1835 70 156 $
1031 1825 66 156 1
1101 1823 28 153 .

1492 1828 260 160 Het
1832 1828 536 160 vervoer
2420 1828 256 160 van
2728 1828 476 160 levens-
3216 1828 24 160 ,
3292 1828 436 160 genot-
3788 1828 156 160 en
4000 1828 1108 160 voedermiddelen
5160 1828 248 160 van
5508 1828 152 160 de
5740 1828 304 160 eene

596 1972 668 168 gemeente
1320 1972 328 168 naar
1716 1972 156 168 de
1924 1972 476 168 andere
2460 1972 412 168 wordt
2964 1972 416 168 alleen
3476 1972 264 168 met
3820 1972 716 168 bijzondere
4620 1972 828 168 schriftelijke
5525 1972 519 168 vergun

596 2120 312 160 ning
964 2120 224 160 der
1244 2120 1224 160 Kommandantuur
2524 2120 744 160 toegestaan
3280 2120 20 160 .
3360 2120 344 160 Voor
3808 2120 376 160 zulke
4292 2120 588 160 gevallen
4988 2120 344 160 heeft
5424 2120 292 160 men
5748 2120 292 160 een

596 2268 1000 164 verzoekschrift
1652 2268 160 164 bij
1880 2268 152 164 de
2088 2268 1224 164 Kommandantuur
3400 2268 136 164 in
3588 2268 132 164 te
3776 2268 456 164 dienen
4304 2268 824 164 bijvoegende
5192 2268 232 164 een
5491 2268 549 164 schrifte

592 2420 232 160 lijk
880 2420 440 160 bewijs
1372 2420 256 160 van
1668 2420 240 160 den
1952 2420 960 160 burgemeester
2920 2420 20 160 ,
3000 2420 224 160 dat
3276 2420 388 160 tegen
3720 2420 152 160 de
3928 2420 504 160 uitvoer
4476 2420 196 160 uit
4732 2420 152 160 de
4928 2420 660 160 gemeente
5644 2420 396 160 geene

592 2552 896 168 bedenkingen
1536 2552 514 168 bestaan
2065 2552 31 168 .

896 2704 48 176 $
1040 2704 112 176 2.
1240 2704 136 176 –
1480 2704 344 176 Melk
1832 2704 24 176 ,
1912 2704 624 176 groenten
2592 2704 160 176 en
2816 2704 880 176 moesplanten
3752 2704 456 176 mogen
4256 2704 368 176 altijd
4680 2704 472 176 zonder
5208 2704 832 176 schriftelijke

587 2863 818 168 vergunning
1459 2856 610 166 vervoerd
2126 2850 520 165 worden
2655 2850 26 160 .

891 3016 893 159 Daarentegen
1867 3014 461 158 mogen
2375 3013 361 157 boter
2747 3013 21 156 ,
2831 3011 417 157 eieren
3267 3011 21 156 ,
3350 3008 481 159 vischen
3876 3008 47 156 ,
3951 3006 617 158 mosselen
4623 3005 157 157 en
4839 3004 413 157 kazen
5303 3002 417 157 alléén
5771 3001 253 156 aan

574 3152 201 182 de
792 3152 512 182 iederen
1324 3152 562 182 dinsdag
1936 3152 133 182 en
2154 3152 487 182 vrijdag
2680 3152 418 182 plaats
3142 3152 766 182 grijpenden
3954 3152 968 182 weekmarkten
4966 3152 464 182 zonder
5472 3152 150 182 de
5678 3152 132 182 in
5972 3152 62 182 1

582 3312 1088 156 voorgeschreven
1724 3312 1356 156 vervoervergunning
3187 3312 115 156 op
3379 3312 170 156 de
3586 3312 444 156 markt
4122 3312 158 156 en
4336 3312 344 156 weer
4774 3312 380 156 terug
5256 3312 790 156 getranspor

584 3452 380 164 teerd
1000 3452 516 164 worden
1528 3452 20 164 .
1612 3452 24 164 (
1648 3452 280 164 Aan
1972 3452 472 164 andere
2496 3452 416 164 dagen
2968 3452 408 164 alleen
3432 3452 172 164 na
3656 3452 724 164 verkregen
4440 3452 820 164 vergunning
5264 3452 24 164 )
5304 3452 20 164 .

886 3606 54 156 S
1030 3606 110 156 3.
1210 3606 128 156 –
1402 3606 184 156 De
1632 3606 568 156 verkoop
2254 3606 252 156 van
2548 3606 368 156 boter
2970 3606 160 156 en
3186 3606 428 156 eieren
3668 3606 342 156 moet
4052 3606 252 156 aan
4360 3606 152 156 de
4572 3606 862 156 marktdagen
5490 3606 158 156 op
5692 3606 152 156 de
5900 3606 140 156 in

588 3748 346 174 Gent
970 3748 612 174 bepaalde
1662 3748 407 174 plaats
2110 3748 48 174 (
2160 3748 830 174 Botermarkt
2960 3748 48 174 )
3068 3748 640 174 gebeuren
3722 3748 20 174 .
3848 3748 184 174 De
4088 3748 1036 174 burgemeesters
5189 3748 458 174 hebben
5741 3748 305 174 iede

583 3919 229 148 ren
851 3915 617 151 zaterdag
1523 3914 149 149 en
1739 3911 685 151 woensdag
2475 3910 153 148 de
2671 3907 465 150 namen
3203 3906 257 148 van
3499 3904 153 149 de
3707 3900 861 152 leveranciers
4647 3898 257 149 van
4983 3896 369 150 boter
5395 3895 157 148 en
5615 3893 406 149 eieren

580 4052 244 164 aan
888 4052 152 164 de
1100 4052 1220 164 Kommandantuur
2352 4052 220 164 op
2652 4052 144 164 te
2884 4052 408 164 geven
3384 4052 156 164 en
3632 4052 256 164 zijn
3984 4052 776 164 persoonlijk
4852 4052 624 164 daarover
5546 4052 482 164 verant

580 4188 748 180 woordelijk
1384 4188 220 180 dat
1660 4188 156 180 de
1868 4188 932 180 hoeveelheden
2848 4188 260 180 van
3148 4188 360 180 boter
3604 4188 176 180 en
3869 4188 380 180 eieren
4281 4188 54 180 ,
4368 4188 404 180 welke
4832 4188 248 180 van
5144 4188 152 180 de
5353 4188 703 180 Komman

581 4352 576 164 dantuur
1240 4352 436 164 vooraf
1768 4352 540 164 bepaald
2372 4352 512 164 worden
2892 4352 24 164 ,
2988 4352 296 164 voor
3372 4352 728 164 openbaren
4204 4352 560 164 verkoop
4848 4352 324 164 naar
5256 4352 332 164 Gent
5660 4352 156 164 op
5884 4352 156 164 de

580 4504 444 156 markt
1080 4504 624 156 gebracht
1760 4504 524 156 worden
2296 4504 20 156 .

880 4648 284 176 Aan
1216 4648 152 176 de
1428 4648 852 176 schikkingen
2336 4648 248 176 van
2644 4648 152 176 de
2852 4648 1016 176 burgemeesters
3924 4648 108 176 is
4088 4648 456 176 gevolg
4596 4648 128 176 te
4780 4648 412 176 geven
5204 4648 20 176 .

882 4790 54 174 $
1014 4790 124 174 4.
1270 4790 128 174 –
1542 4790 182 174 De
1818 4790 754 174 gemeenten
2584 4790 22 174 ,
2742 4790 434 174 welke
3258 4790 250 174 van
3611 4790 222 174 het
3932 4790 1026 174 Amerikaansch
5054 4790 980 174 hulpskomiteit

580 4940 628 164 goederen
1320 4940 724 164 ontvangen
2160 4940 492 164 hebben
2664 4940 24 164 ,
2776 4940 504 164 moeten
3336 4940 172 164 in
3612 4940 336 164 bezit
4040 4940 256 164 zijn
4352 4940 248 164 van
4696 4940 152 164 de
4952 4940 1080 164 voorgeschreven

578 5092 608 162 papieren
1242 5092 244 162 van
1548 5092 220 162 het
1822 5092 976 162 hulpskomiteit
2892 5092 156 162 en
3106 5092 708 162 bovendien
3870 5092 252 162 van
4152 5092 256 162 een
4466 5092 308 162 door
4846 5092 152 162 de
5081 5092 959 162 Kommandan

576 5232 312 168 tuur
944 5232 1056 168 uitgevaardigde
2059 5232 970 168 vervoerbewijs

871 5402 58 145 $
1015 5400 78 145 5
1107 5400 22 144 .
1395 5395 1293 160 Tegenhandelingen
2747 5394 381 157 tegen
3179 5392 301 157 deze
3531 5389 861 159 verordening
4447 5387 505 157 worden
5007 5386 265 156 met
5331 5384 305 157 eene
5698 5383 263 157 geld

578 5542 360 158 boete
994 5542 190 158 tot
1244 5542 480 158 10.000
1776 5542 384 158 Mark
2244 5542 158 158 en
2460 5542 264 158 met
2778 5542 304 158 eene
3136 5542 880 158 vrijheidstraf
4080 5542 196 158 tot
4366 5542 70 158 2
4480 5542 380 158 jaren
4918 5542 136 158 of
5094 5542 262 158 met
5414 5542 306 158 eene
5764 5542 246 158 van

580 5692 296 160 deze
932 5692 356 160 beide
1348 5692 528 160 straffen
1932 5692 539 160 gestraft
2465 5692 39 160 .
2572 5692 180 160 De
2796 5692 776 160 betreffende
3652 5692 464 160 levens-
4136 5692 16 160 ,
4216 5692 424 160 genot-
4704 5692 152 160 en
4920 5692 1096 160 voedermiddelen

576 5836 520 164 worden
1156 5836 628 164 verbeurd
1854 5836 671 164 verklaard
2535 5836 49 164 .
2648 5836 588 164 Bevoegd
3332 5836 248 164 zijn
3676 5836 612 164 Duitsche
4384 5836 608 164 militaire
5092 5836 712 164 overheden
5860 5836 160 164 en

579 5988 609 151 militaire
1263 5992 968 154 gerechtshoven
2261 5998 27 148 .

879 6147 53 140 $
1020 6151 78 113 6
1114 6151 17 113 .
1247 6139 79 168 -
1391 6145 149 166 In
1595 6143 371 167 geval
2023 6141 307 167 eene
2387 6137 571 169 aangifte
3013 6136 291 167 resp
3314 6135 19 166 .
3377 6131 809 170 voorloopige
4241 6125 1107 171 inbeslagneming
5391 6123 195 167 uit
5629 6120 389 169 naam

580 6280 252 168 van
884 6280 152 168 de
1088 6280 1020 168 burgemeesters
2200 6280 124 168 of
2416 6280 152 168 de
2648 6280 680 168 Belgische
3449 6280 424 168 Politie
3972 6280 588 168 geschied
4656 6280 160 168 en
4908 6280 880 168 diensvolgens
5868 6280 152 168 de

580 6432 628 164 goederen
1264 6432 632 164 verbeurd
1956 6432 684 164 verklaard
2704 6432 489 164 worden
3235 6432 49 164 ,
3296 6432 420 164 zullen
3808 6432 152 164 de
3992 6432 924 164 aangeslagen
5016 6432 460 164 levens-
5492 6432 20 164 ,
5606 6432 418 164 genot

602 6595 127 164 en
795 6590 1083 169 voedermiddelen
1943 6589 313 165 door
2307 6588 153 165 de
2515 6583 1281 169 gemeentebesturen
3851 6581 397 166 onder
4299 6579 549 166 toezicht
4891 6578 249 165 van
5199 6577 153 165 de
5407 6575 609 166 militaire

588 6720 436 176 politie
1080 6720 648 176 openbaar
1820 6720 252 176 aan
2168 6720 152 176 de
2416 6720 1012 176 meestbiedende
3500 6720 624 176 verkocht
4176 6720 520 176 worden
4708 6720 32 176 .
4796 6720 184 176 Bij
5084 6720 296 176 deze
5460 6720 560 176 verkoop

587 6890 461 165 mogen
1107 6888 153 165 de
1323 6887 148 165 80
1581 6887 47 164 %
1683 6885 245 165 van
2011 6884 153 164 de
2223 6882 305 165 voor
2619 6879 469 166 levens-
3091 6879 25 164 ,
3223 6877 429 166 genot-
3763 6876 157 164 en
4036 6869 1092 170 voedermiddelen
5236 6864 776 169 vastgezette

588 7024 524 168 hoogste
1220 7024 480 168 prijzen
1804 7024 272 168 niet
2174 7024 885 168 overschreden
3188 7024 497 168 worden
3715 7024 50 168 .
3808 7024 180 168 De
4068 7024 692 168 opbrengst
4852 7024 196 168 uit
5148 7024 296 168 deze
5552 7024 476 168 veiling

588 7164 416 184 wordt
1052 7164 140 184 in
1220 7164 232 184 de
1492 7164 236 184 kas
1812 7164 248 184 van
2156 7164 484 184 degene
2732 7164 660 184 gemeente
3484 7164 492 184 gestort
3984 7164 24 184 ,
4072 7164 328 184 wier
4456 7164 700 184 bedienden
5260 7164 152 184 de
5464 7164 568 184 aangifte

583 7327 615 152 gemaakt
1249 7315 497 151 hebben
1753 7315 23 140 .

887 7481 665 166 Wanneer
1619 7479 189 165 de
1911 7477 569 166 aangifte
2587 7476 137 164 of
2815 7470 1109 169 inbeslagneming
4027 7469 313 165 door
4451 7465 609 167 Duitsche
5155 7462 701 167 militairen
5911 7461 137 164 of

592 7616 606 166 militaire
1240 7616 674 166 beambten
1982 7616 588 166 geschied
2628 7616 342 166 heeft
3022 7616 156 166 de
3222 7616 856 166 aanwending
4132 7616 530 166 volgens
4712 7616 360 166 bevel
5135 7616 212 166 der
5410 7616 624 166 Etappen

592 7756 756 180 Inspektion
1400 7756 224 180 der
1684 7756 180 180 IV
1916 7756 472 180 Armee
2468 7756 968 180 gedagteekend
3520 7756 248 180 van
3852 7756 244 180 den
4209 7756 155 180 gon
4393 7756 367 180 April
4824 7756 56 180 (
4893 7756 159 180 IV
5096 7756 144 180 A.
5292 7756 276 180 Tgb
5580 7756 20 180 .
5648 7756 348 180 117/4
6000 7756 32 180 )

587 7914 424 164 plaats
1013 7913 26 147 .

896 8040 56 184 $
1032 8040 120 184 7.
1248 8040 120 184 –
1456 8040 440 184 Iedere
1952 8040 976 184 beslagneming
3016 8040 312 184 door
3384 8040 152 184 de
3592 8040 1016 184 burgemeesters
4672 8040 120 184 of
4840 8040 152 184 de
5032 8040 1000 184 politieagenten

592 8212 508 168 moeten
1128 8212 276 168 van
1460 8212 300 168 deze
1816 8212 248 168 aan
2120 8212 156 168 de
2312 8212 1256 168 Kommandantuur
3644 8212 828 168 aangegeven
4528 8212 493 168 worden
5044 8212 36 168 ,
5140 8212 316 168 wier
5508 8212 532 168 verdere

591 8364 1017 152 beschikkingen
1667 8368 141 149 af
1847 8369 129 148 te
2027 8370 597 150 wachten
2675 8373 234 149 zijn
2919 8374 41 148 .

896 8636 332 136 Gent
1236 8636 20 136 ,
1360 8636 244 136 den
1712 8636 192 136 17.
2008 8636 260 136 Mei
2368 8636 328 136 1916
2712 8636 20 136 .

4019 8625 187 162 De
4255 8620 521 165 Etappen
4817 8619 46 160 -
4872 8610 837 169 Kommandant
5687 8610 46 160 ,

1552 6896 25 36 р

1606 7003 22 28 C

4253 8784 221 147 get
4477 8783 46 141 .
4583 8773 260 148 VON
4935 8755 476 155 WICK
5413 8754 24 141 .

2375 9058 244 93 Drukk
2620 9058 20 92 .
2699 9057 80 92 St
2783 9057 25 92 -
2814 9054 337 95 Antonius
3147 9054 25 92 ,
3235 9053 132 93 Jos
3367 9053 21 92 .
3443 9050 385 94 Dooremax
3853 9050 21 92 -
3893 9047 358 94 Volckaert
4244 9047 21 92 .
