5996 9204
1388 416 3252 708 VERORDENING

4995 973 254 154 560

703 1384 173 120 Ten
951 1385 249 121 einde
1279 1387 201 120 eene
1551 1388 597 123 gelijkmatige
2227 1392 489 122 verdeeling
2791 1395 157 120 van
3019 1396 165 121 alle
3259 1397 473 123 voorraden
3795 1400 93 120 in
3947 1401 17 120 '
3971 1401 33 120 t
4039 1401 705 124 Etappengebied
4827 1406 85 120 te
4995 1407 497 122 verzekeren
5563 1410 109 120 en

359 1500 177 132 met
623 1501 517 134 betrekking
1207 1503 153 133 tot
1427 1504 105 132 de
1623 1505 565 134 verordening
2279 1507 157 133 van
2495 1508 109 133 29
2671 1509 173 133 Mei
2939 1510 153 133 van
3187 1511 129 133 dit
3399 1512 193 133 jaar
3659 1513 33 132 (
3699 1513 841 136 Verordeningsblad
4599 1517 81 132 N
4683 1517 29 132 °
4787 1518 109 132 37
4979 1519 133 132 blz
5119 1519 17 132 .
5215 1520 369 133 279-281
5591 1521 33 132 )
5631 1521 21 132 ,

359 1620 325 114 bestem
755 1623 93 112 ik
919 1624 121 112 als
1099 1625 237 114 volgt
1395 1627 21 112 :

695 1804 45 120 §
799 1804 77 120 1.
947 1805 101 120 -
1107 1805 133 121 Na
1303 1806 105 120 de
1479 1807 497 122 inoogsting
2043 1809 149 121 der
2247 1810 325 121 granen
2639 1812 225 121 moet
2923 1813 453 122 aanstonds
3435 1815 177 121 met
3671 1816 149 121 het
3891 1817 413 122 dorschen
4367 1819 105 120 en
4535 1820 149 120 het
4739 1821 509 122 opzolderen
5307 1823 345 122 worden

355 1912 441 126 begonnen
803 1914 25 124 .
895 1915 181 125 Het
1151 1916 561 127 uitdorschen
1791 1920 229 125 moet
2091 1922 345 126 volgens
2520 1924 110 125 de
2691 1925 617 128 voorschriften
3379 1929 165 125 der
3623 1931 429 126 bevoegde
4131 1934 753 128 Kommandantur
4971 1939 505 127 uitgevoerd
5547 1942 109 125 en

353 2026 337 125 zooveel
743 2027 415 126 mogelijk
1227 2029 523 126 bespoedigd
1807 2032 345 125 worden
2159 2033 17 124 .
2239 2034 107 124 In
2375 2034 271 125 geval
2707 2036 161 124 van
2931 2037 531 126 nalatigheid
3521 2039 285 125 zullen
3845 2041 106 124 én
3993 2041 103 124 de
4145 2042 437 125 nalatigen
4641 2044 105 124 én
4809 2045 103 124 de
4971 2045 679 127 burgemeesters

352 2144 360 121 gestraft
780 2145 325 121 worden
1115 2147 32 120 ,
1220 2147 208 121 voor
1496 2148 300 121 zoover
1864 2150 192 120 deze
2132 2151 180 120 niet
2368 2152 208 120 voor
2644 2153 204 120 eene
2912 2154 464 122 voldoende
3440 2156 368 121 toezicht
3876 2158 332 121 hebben
4264 2159 204 121 zorg
4524 2160 421 122 gedragen
4954 2162 31 120 .

691 2252 133 125 De
911 2253 469 127 voorraden
1463 2257 521 127 gedorschen
2071 2261 261 125 graan
2419 2263 345 126 moeten
2811 2266 169 124 aan
3039 2267 105 125 de
3215 2268 209 125 door
3450 2270 210 126 den
3752 2271 626 129 burgemeester
4463 2277 557 127 aantewijzen
5103 2281 545 127 magazijnen

348 2368 344 121 worden
780 2369 385 122 geleverd
1169 2371 31 120 .
1268 2371 132 121 De
1472 2372 384 122 levering
1940 2374 228 121 moet
2259 2375 599 123 onmiddellijk
2861 2378 31 120 ,
2984 2378 400 122 uiterlijk
3444 2380 48 120 3
3568 2381 272 121 dagen
3932 2382 104 121 na
4100 2383 144 121 het
4312 2384 552 122 uitdorschen
4948 2387 276 121 plaats
5247 2388 369 121 hebben
5628 2389 12 120 .
5634 2400 21 120 .

349 2484 241 122 Geen
675 2485 551 124 landbouwer
1323 2488 195 122 mag
1613 2489 231 123 meer
1935 2491 93 122 in
2131 2491 159 123 zijn
2387 2493 227 122 bezit
2697 2494 333 123 hebben
3117 2496 121 122 als
3329 2497 361 123 hetgeen
3779 2499 323 123 binnen
4187 2501 105 122 de
4414 2502 37 122 3
4554 2502 267 123 dagen
4929 2504 523 124 gedorschen
5549 2507 75 122 is
5627 2507 25 122 .

347 2596 381 117 Hiervan
803 2598 73 116 is
935 2599 613 119 uitgezonderd
1607 2603 149 117 het
1815 2604 401 118 zaaigoed
2279 2607 21 116 :

1030 2780 169 112 160
1250 2790 233 115 kilos
1538 2803 265 117 rogge

2636 2784 163 105 160
2856 2791 231 107 kilos
3148 2801 235 107 gerst

4056 2920 200 88 voor
4316 2921 200 88 ééne
4580 2922 340 89 hectare
4931 2923 25 88 .

1036 3023 160 84 170

1540 3028 260 80 tarwe

2644 3028 160 80 150

2968 3060 24 40 >

3153 3024 257 87 haver

858 3116 17 29 7

655 4416 58 116 $
765 4405 60 116 2
819 4403 29 113 .

651 4828 62 117 $
754 4814 66 118 3
814 4811 30 113 .

976 5187 12 16 SU

703 3192 221 125 Teze
987 3193 629 127 hoeveelheden
1671 3197 301 125 mogen
2047 3199 89 124 in
2207 3200 149 124 het
2415 3201 229 125 bezit
2703 3203 161 124 van
2927 3204 97 124 de
3087 3205 593 127 landbouwers
3751 3208 321 126 blijven
4079 3210 25 124 ,
4167 3211 173 124 met
4419 3212 105 124 de
4591 3213 573 127 verplichting
5235 3216 149 125 dat
5455 3218 193 125 elke

335 3312 553 126 landbouwer
943 3314 157 125 aan
1159 3315 165 125 den
1387 3316 633 127 burgemeester
2079 3319 229 125 moet
2379 3321 381 125 opgeven
2831 3323 189 124 met
3067 3324 273 125 welke
3409 3325 586 127 graansoorten
4047 3328 121 124 en
4239 3329 345 125 hoeveel
4655 3331 401 125 hectaren
5118 3333 131 124 hij
5315 3333 93 125 in
5479 3334 173 125 den

336 3430 270 122 herfst
674 3430 160 122 van
894 3430 132 122 dit
1078 3430 194 122 jaar
1263 3430 29 122 ,
1366 3430 584 122 betrekkelijk
2018 3430 94 122 in
2190 3430 16 122 '
2212 3430 36 122 t
2310 3430 388 122 voorjaar
2776 3430 160 122 van
2994 3430 148 122 het
3228 3430 390 122 volgende
3672 3430 188 122 jaar
3926 3430 146 122 wil
4138 3430 394 122 bezaaien
4540 3430 18 122 .

675 3536 133 125 De
846 3537 618 127 boekhouding
1511 3541 197 125 over
1747 3542 105 125 de
1891 3543 545 128 ingeleverde
2475 3547 733 128 graanvoorraden
3251 3552 73 124 is
3355 3553 113 124 de
3511 3554 201 125 taak
3755 3555 161 125 van
3958 3557 146 124 het
4147 3558 797 129 gemeentebestuur
4975 3563 29 124 (
5007 3563 641 128 burgemeester

333 3650 107 120 en
499 3650 475 122 schepenen
977 3653 33 120 )
1019 3653 17 120 .
1099 3653 177 121 Ten
1347 3654 225 121 allen
1629 3656 217 120 tijde
1909 3657 229 121 moet
2199 3658 101 121 de
2363 3659 549 122 hoeveelheid
2977 3662 151 120 der
3185 3663 89 120 in
3329 3664 103 120 de
3495 3664 533 123 magazijnen
4089 3667 545 122 voorhanden
4677 3670 289 121 zijnde
4991 3671 495 122 voorraden
5521 3674 137 120 uit

332 3762 105 108 de
496 3765 327 112 boeken
884 3772 321 113 blijken
1216 3778 32 107 .

679 3876 229 124 Voor
975 3877 101 124 de
1143 3877 553 128 regelmatige
1759 3881 609 127 boekhouding
2431 3884 181 126 zijn
2671 3885 633 127 burgemeester
3367 3889 105 124 en
3539 3890 477 126 schepenen
4083 3892 799 129 verantwoordelijk
4908 3897 32 124 .

663 3996 201 126 Van
935 3997 163 126 alle
1167 3998 609 129 graansoorten
1841 4001 336 129 moeten
2253 4004 105 126 de
2425 4004 507 130 gemeenten
3001 4007 145 127 ten
3237 4009 313 127 minste
3621 4011 157 126 één
3841 4012 283 127 vierde
4200 4013 143 127 van
4419 4015 165 126 den
4623 4016 265 127 oogst
4947 4017 151 127 ten
5165 4018 317 128 laatste
5541 4020 111 127 op

335 4108 101 122 15
481 4108 499 124 September
1017 4110 163 123 van
1221 4111 133 123 dit
1387 4112 189 123 jaar
1583 4113 19 122 ,
1645 4113 151 123 het
1857 4114 323 123 tweede
2221 4116 285 123 vierde
2567 4117 149 122 ten
2775 4118 301 123 laatste
3137 4119 107 123 op
3299 4120 33 122 1
3385 4120 481 124 November
3925 4123 163 122 van
4131 4124 151 122 dit
4331 4124 193 123 jaar
4527 4125 19 122 ,
4611 4126 179 122 het
4825 4127 259 122 derde
5147 4128 177 122 vier
5340 4129 116 122 de
5507 4129 148 123 ten

324 4228 304 126 laatste
700 4228 106 126 op
886 4228 42 126 1
992 4228 468 126 December
1529 4228 144 126 van
1744 4228 132 126 dit
1926 4228 190 126 jaar
2124 4228 18 126 ,
2214 4228 106 126 en
2380 4228 150 126 het
2590 4228 342 126 overige
3006 4228 146 126 ten
3212 4228 302 126 laatste
3578 4228 106 126 op
3756 4228 42 126 1
3858 4228 364 126 Januari
4301 4228 208 126 1917
4570 4228 338 126 leveren
4914 4228 20 126 .

1075 4403 541 133 Betreffende
1659 4408 105 129 de
1823 4410 385 131 betaling
2259 4413 109 129 en
2427 4415 149 129 het
2647 4417 281 130 malen
2987 4419 161 129 van
3215 4421 161 129 het
3415 4423 181 129 aan
3655 4425 105 129 de
3815 4426 529 132 gemeenten
4425 4431 631 134 teruggegeven
5123 4437 528 132 broodgraan

323 4516 109 124 en
495 4517 101 124 de
654 4518 490 127 verdeeling
1191 4521 153 125 van
1419 4523 145 124 het
1639 4524 213 125 meel
1923 4526 157 125 aan
2151 4527 101 125 de
2319 4529 697 128 gemeenteleden
3079 4534 105 124 en
3247 4535 375 126 bakkers
3621 4537 35 124 ,
3703 4538 289 125 zullen
4055 4540 101 124 de
4218 4541 1226 132 Etappenkommandanturen
5449 4549 34 124 ,
5547 4550 109 124 na

324 4642 510 126 voorschrift
904 4642 162 126 van
1120 4642 116 126 de
1308 4642 886 126 Etappeninspektion
2268 4642 306 126 nadere
2644 4642 510 126 bepalingen
3230 4642 600 126 uitvaardigen
3846 4642 10 126 .

1079 4826 129 117 De
1281 4827 369 118 GERST
1719 4830 127 116 zal
1917 4831 209 117 door
2167 4833 105 116 de
2331 4834 505 119 gemeenten
2901 4837 155 117 aan
3117 4839 203 117 eene
3385 4841 167 116 nog
3627 4842 85 116 te
3785 4843 531 119 bestemmen
4379 4847 375 118 centrale
4811 4850 397 118 geleverd
5271 4853 103 116 en
5445 4854 211 117 door

320 4944 200 124 deze
592 4944 160 124 aan
820 4944 156 124 een
1048 4944 168 124 nog
1284 4944 184 124 vast
1540 4944 84 124 te
1684 4944 304 124 stellen
2052 4944 216 124 prijs
2340 4944 616 124 overgenomen
3028 4944 104 124 en
3196 4944 392 124 verdeeld
3662 4944 342 124 worden

675 5132 39 117 $
768 5128 39 117 4
826 5126 39 117 .

1089 5124 162 124 Van
1335 5125 105 124 de
1507 5126 441 127 geleverde
2015 5129 405 126 HAVER
2501 5132 261 126 zullen
2843 5134 105 125 de
3011 5136 669 127 burgemeesters
3755 5140 201 125 voor
4015 5142 165 124 den
4247 5143 169 125 tijd
4475 5145 161 124 van
4711 5146 41 124 1
4803 5147 381 126 October
5231 5149 221 125 1916
5511 5151 137 125 tot

318 5228 110 126 31
477 5230 195 127 Mei
709 5234 211 127 1917
974 5238 153 126 één
1166 5241 185 127 kilo
1393 5244 150 127 per
1586 5247 162 127 dag
1785 5250 106 126 en
1933 5252 150 127 per
2126 5255 262 129 paard

2582 5240 214 115 rond
2839 5243 165 114 240
3047 5246 224 114 kilos
3335 5249 597 120 terughouden
3990 5257 109 114 en
4158 5260 253 115 ervan
4470 5263 153 115 aan
4691 5266 100 113 de
4854 5268 781 122 paardenbezitters

318 5360 566 116 maandelijks
942 5362 110 114 op
1094 5362 264 115 eenen
1400 5364 210 114 door
1652 5365 102 114 de
1794 5365 426 116 bevoegde
2268 5367 748 117 Kommandantur
3058 5370 180 114 vast
3280 5371 82 114 te
3426 5371 300 115 stellen
3772 5373 358 115 termijn
4174 5374 150 115 het
4366 5375 186 114 hun
4613 5376 570 116 toekomende
5244 5378 404 115 rantsoen

310 5468 424 121 uitdeelen
747 5470 28 120 .
839 5470 129 120 De
994 5471 718 123 burgemeesters
1783 5474 333 122 moeten
2179 5476 93 120 er
2331 5477 445 122 insgelijks
2839 5479 561 123 nauwkeurig
3459 5482 221 121 boek
3739 5483 201 121 over
4011 5485 349 121 houden
4371 5486 17 120 .

1071 5648 177 129 Het
1295 5649 621 134 RAAPZAAD
1963 5655 225 129 moet
2231 5656 613 134 onmiddellijk
2891 5662 105 128 na
3055 5663 101 128 de
3203 5664 497 132 inoogsting
3735 5668 529 132 gedorschen
4303 5673 105 128 en
4447 5674 165 129 aan
4655 5675 149 129 het
4839 5677 808 134 gemeentebestuur

311 5772 401 117 geleverd
771 5774 328 117 worden
1119 5775 25 116 .
1207 5776 133 116 De
1399 5776 589 119 landbouwers
2051 5779 305 118 mogen
2415 5781 125 116 als
2603 5782 397 117 zaaigoed
3075 5784 101 116 10
3239 5785 221 117 kilos
3519 5786 149 117 per
3739 5787 337 117 hectare
4139 5789 609 118 terughouden
4755 5792 17 116 .

656 5964 40 112 $
768 5964 52 112 6
824 5964 24 112 .
1121 5958 125 120 De
1307 5959 465 123 opbrengst
1833 5962 157 121 van
2053 5964 167 121 den
2281 5965 553 124 GRASoogst
2903 5970 33 120 (
2939 5970 269 121 eerste
3283 5972 105 121 en
3457 5973 325 122 tweede
3853 5976 251 122 snede
4109 5978 31 120 )
4215 5979 235 121 moet
4524 5981 91 120 in
4699 5982 112 120 de
4862 5983 534 123 verhouding
5479 5987 165 121 van

311 6068 157 124 één
528 6069 258 125 derde
855 6071 133 124 tot
1047 6072 229 125 twee
1338 6074 260 125 derde
1646 6076 524 126 gescheiden
2241 6079 345 126 volgens
2647 6082 103 124 de
2809 6083 515 127 voorschrift
3385 6086 161 125 van
3603 6087 103 125 de
3767 6088 1249 132 Etappenkommandanturen
5077 6096 567 127 opgezolderd

311 6184 97 124 of
459 6184 89 124 in
611 6185 393 125 schelven
1063 6187 549 126 opgestapeld
1671 6190 345 125 worden
2027 6191 17 124 .
2115 6191 169 125 Het
2347 6193 201 124 eene
2623 6194 257 125 derde
2955 6195 385 126 verblijft
3383 6197 157 125 aan
3599 6198 169 125 den
3831 6199 549 126 landbouwer
4387 6201 17 124 ,
4471 6202 101 124 de
4647 6203 209 124 twee
4926 6204 314 125 andere
5311 6206 325 125 blijven

311 6300 135 116 ter
533 6300 565 120 beschikking
1185 6304 151 117 der
1431 6305 675 119 burgemeesters
2113 6309 19 116 ,
2223 6309 141 117 die
2465 6310 205 117 voor
2759 6312 537 118 behoorlijke
3393 6315 433 118 bewaring
3925 6318 811 120 verantwoordelijk
4852 6320 145 125 zijn
5027 6321 38 124 .
5168 6322 222 126 Voor
5476 6324 159 125 het

310 6416 372 119 gebruik
750 6417 284 119 zullen
1092 6418 104 119 zij
1274 6419 306 119 nadere
1642 6421 678 120 bestemmingen
2388 6423 160 119 van
2622 6424 100 118 de
2782 6425 860 121 Kommandanturen
3702 6428 488 120 ontvangen
4200 6430 14 118 .

655 6528 453 118 Hetzelfde
1207 6530 73 117 is
1375 6531 165 117 ook
1635 6533 201 116 voor
1923 6534 149 117 het
2159 6535 229 117 strou
2479 6537 531 118 toepasselijk
3024 6540 32 116 ,
3131 6540 365 118 daarvan
3587 6543 305 117 mogen
3999 6545 101 116 de
4175 6546 601 118 landbouwers
4863 6549 297 117 echter
5219 6551 105 116 de
5423 6552 213 117 helft

307 6636 453 124 behouden
769 6638 19 122 ,
861 6639 103 122 de
1033 6640 321 123 tweede
1417 6642 221 123 helft
1705 6644 391 124 verblijft
2165 6647 133 122 ter
2371 6648 573 125 beschikking
3013 6652 149 122 der
3225 6653 673 126 burgemeesters
3907 6657 15 122 ,
3999 6657 139 123 die
4219 6659 461 124 daarmede
4751 6661 457 126 insgelijks
5293 6665 345 124 volgens

311 6756 105 108 de
479 6756 621 111 voorschriften
1179 6760 149 108 der
1391 6761 861 112 Kommandanturen
2315 6765 341 109 moeten
2719 6767 413 110 handelen
3153 6769 23 108 .

651 6936 45 124 $
755 6936 77 125 7.
899 6937 105 125 -
1075 6938 533 128 Betreffende
1671 6942 145 125 het
1875 6944 365 126 gebruik
2303 6946 149 125 der
2511 6948 309 125 andere
2883 6950 609 128 veldvruchten
3551 6954 297 126 zullen
3911 6957 221 125 later
4203 6959 305 125 nadere
4571 6961 677 128 bestemmingen
5291 6966 292 125 volgen
5597 6968 31 124 .

1067 7128 377 129 Vroeger
1503 7129 705 131 uitgevaardigde
2271 7132 668 132 verordeningen
2945 7135 31 128 ,
3027 7136 141 128 die
3227 7136 93 128 in
3367 7137 513 130 tegenstrijd
3939 7139 181 129 zijn
4179 7140 177 129 met
4419 7141 197 129 deze
4675 7142 565 131 verordening
5299 7145 97 128 of
5447 7145 181 129 met

315 7244 141 116 die
523 7245 161 116 van
755 7246 109 116 29
939 7247 177 117 Mei
1175 7248 157 117 van
1407 7249 133 117 dit
1599 7250 189 117 jaar
1791 7251 21 116 ,
1891 7252 345 117 worden
2303 7254 117 117 bij
2491 7255 197 117 deze
2751 7256 485 119 opgeheven
3251 7259 17 116 .

1075 7428 133 120 De
1247 7429 85 120 SS
1379 7429 49 120 6
1491 7430 105 120 en
1655 7431 53 120 7
1751 7432 149 120 der
1963 7433 565 123 verordening
2567 7437 161 120 van
2771 7438 109 120 29
2923 7439 177 121 Mei
3163 7440 157 121 van
3383 7442 133 120 dit
3559 7443 189 121 jaar
3787 7444 237 121 slaan
4067 7446 165 121 ook
4295 7447 109 121 op
4463 7448 201 121 deze
4719 7450 569 123 verordening
5327 7454 113 120 en
5507 7455 113 120 op

315 7538 163 122 alle
547 7539 349 124 verdere
964 7542 510 124 bepalingen
1551 7545 149 123 der
1757 7546 1233 129 Etappenkommandanturen
3049 7554 107 123 en
3225 7555 497 125 gemeenten
3735 7558 19 122 ,
3817 7559 655 125 uitgevaardigd
4539 7563 147 123 ten
4755 7565 353 123 gevolge
5181 7567 161 123 van
5424 7569 203 123 deze

312 7656 569 116 verordening
873 7656 31 116 .

648 5664 57 119 §
754 5655 58 119 5
809 5653 29 117 .

645 7134 56 117 $
751 7126 48 116 8
803 7123 34 115 .

645 7434 56 115 §
754 7425 57 115 9
807 7422 28 113 .

584 7904 160 176 E.
824 7904 184 176 H.
1080 7904 160 176 O.
1256 7904 24 176 ,
1352 7904 288 176 den
1728 7904 200 176 15
1992 7904 376 176 Juni
2448 7904 384 176 1916
2856 7904 24 176 .

3395 8084 305 201 Der
3824 8091 1418 224 Etappeninspekleur
5212 8118 55 197 ,

3736 8312 288 168 VON
4128 8312 663 168 UNGER

3371 8524 593 148 General
4071 8529 233 146 der
4443 8532 766 151 Kavallerie
5217 8539 39 144 .

323 8688 292 94 Drwkk
623 8690 25 92 .
736 8691 95 93 St.
865 8692 401 96 Antonius
1311 8696 154 93 Jos
1463 8697 25 92 .
1551 8698 460 96 Dooreman
2028 8702 26 92 -
2076 8702 416 96 Volckaert
