6856 9095
704 288 5520 560 VERORDENING

5916 584 330 250 u

6400 1326 147 115 1002

867 2339 55 119 $
964 2334 67 119 5
1039 2331 19 117 .

855 2460 55 119 $
952 2453 71 120 6
1031 2451 23 117 .

875 4024 43 122 $
971 4019 43 122 9
1031 4015 43 122 .

884 904 44 128 S
1000 904 72 128 1.
1132 904 100 128 –
1304 904 292 128 Ieder
1636 904 636 128 burgerlijke
2312 904 436 128 persoon
2792 904 712 128 aankomende
3548 904 108 128 in
3700 904 244 128 eene
3984 904 336 128 plaats
4368 904 212 128 met
4620 904 492 128 militaire
5160 904 511 128 bezetting
5673 904 32 128 ,
5752 904 272 128 moet
6068 904 232 128 zich

648 1020 548 140 aanstonds
1272 1020 129 140 bij
1480 1020 180 140 het
1732 1020 1068 140 aanmeldingsbureel
2832 1020 80 140 (
2900 1020 641 140 Meldeambt
3523 1020 37 140 )
3624 1020 116 140 en
3824 1020 108 140 in
4028 1020 440 140 plaatsen
4514 1020 290 140 waar
4864 1020 112 140 er
5020 1020 260 140 geen
5328 1020 628 140 Meldeambt
5996 1020 84 140 is
6088 1020 20 140 ,
6152 1020 140 140 bij

644 1140 124 132 de
812 1140 1116 132 Ortskommandantur
1972 1140 320 132 onder
2332 1140 668 132 voorlegging
3044 1140 324 132 zijner
3412 1140 684 132 reispapieren
4132 1140 516 132 aanmelden
4696 1140 104 132 en
4808 1140 16 132 ,
4872 1140 352 132 indien
5256 1140 136 132 hij
5448 1140 212 132 niet
5704 1140 592 132 denzelfden

644 1264 200 120 dag
888 1264 481 120 vertrekt
1352 1264 28 120 ,
1428 1264 421 120 afmelden
1858 1264 31 120 .

884 1380 44 132 $
983 1380 122 132 2.
1124 1380 100 132 –
1276 1380 316 132 Komt
1636 1380 120 132 de
1804 1380 428 132 persoon
2276 1380 240 132 vóór
2568 1380 60 132 7
2676 1380 200 132 uur
2920 1380 16 132 '
2940 1380 48 132 s
3028 1380 388 132 avonds
3473 1380 187 132 aan
3698 1380 39 132 ,
3744 1380 176 132 zoo
3956 1380 276 132 moet
4264 1380 136 132 hij
4452 1380 224 132 zich
4716 1380 208 132 nog
4968 1380 596 132 denzelfden
5608 1380 328 132 avond
5948 1380 16 132 ,
6004 1380 296 132 komt

640 1502 134 126 hij
820 1502 130 126 na
990 1502 62 126 7
1100 1502 200 126 uur
1344 1502 18 126 '
1368 1502 44 126 s
1456 1502 380 126 avonds
1868 1502 200 126 aan
2076 1502 16 126 ,
2134 1502 126 126 op
2304 1502 200 126 zijn
2548 1502 312 126 laatst
2904 1502 192 126 den
3144 1502 572 126 volgenden
3760 1502 204 126 dag
3998 1502 244 126 vóór
4270 1502 140 126 12
4450 1502 200 126 uur
4694 1502 18 126 '
4716 1502 44 126 s
4808 1502 468 126 middags
5322 1502 606 126 aanmelden
5936 1502 20 126 .

880 1616 44 144 $
976 1616 88 144 3.
1108 1616 100 144 –
1244 1616 116 144 Is
1404 1616 124 144 de
1572 1616 708 144 aankomende
2340 1616 420 144 persoon
2828 1616 108 144 in
2964 1616 160 144 de
3156 1616 376 144 plaats
3602 1616 561 144 gehuisvest
4180 1616 43 144 ,
4224 1616 180 144 zoo
4468 1616 272 144 moet
4805 1616 162 144 hij
4992 1616 224 144 zich
5288 1616 328 144 alleen
5664 1616 608 144 aanmelden
6276 1616 20 144 ,

640 1740 480 124 wanneer
1164 1740 132 124 hij
1340 1740 200 124 van
1584 1740 244 124 eene
1872 1740 196 124 reis
2112 1740 104 124 in
2264 1740 16 124 '
2284 1740 44 124 t
2372 1740 824 124 operatiegebied
3240 1740 612 124 terugkeert
3860 1740 12 124 .

868 1856 44 140 $
961 1856 129 140 4.
1104 1856 104 140 —
1260 1856 144 140 De
1468 1856 660 140 aanmelding
2196 1856 328 140 wordt
2528 1856 20 140 ,
2588 1856 336 140 indien
3008 1856 120 140 de
3140 1856 740 140 aankomende
3952 1856 420 140 persoon
4448 1856 108 140 in
4600 1856 272 140 bezit
4936 1856 200 140 van
5200 1856 188 140 een
5452 1856 384 140 reispas
5921 1856 53 140 is
5997 1856 42 140 ,
6052 1856 252 140 door

636 1976 516 132 plaatsing
1192 1976 200 132 van
1456 1976 320 132 eenen
1820 1976 432 132 stempel
2300 1976 208 132 met
2580 1976 124 132 de
2768 1976 764 132 dagteekening
3616 1976 128 132 op
3788 1976 192 132 den
4024 1976 388 132 reispas
4476 1976 468 132 bewezen
4952 1976 16 132 .
5016 1976 264 132 Deze
5324 1976 484 132 stempels
5892 1976 408 132 moeten

636 2094 250 130 erbij
875 2094 37 130 ,
962 2094 466 130 geschikt
1502 2094 134 130 na
1710 2094 488 130 volgorde
2274 2094 126 130 en
2484 2094 180 130 tijd
2666 2094 32 130 ,
2734 2094 120 130 de
2898 2094 246 130 eene
3220 2094 316 130 onder
3582 2094 194 130 den
3850 2094 452 130 anderen
4364 2094 520 130 geplaatst
4960 2094 418 130 worden
5386 2094 16 130 .
5440 2094 298 130 Eerst
5812 2094 282 130 dient
6176 2094 124 130 de

2690 2096 40 135 ,

632 2220 372 128 linker-
1016 2220 20 128 ,
1087 2220 390 128 daarna
1516 2220 124 128 de
1684 2220 664 128 rechterzijde
2392 2220 488 128 gebruikt
2924 2220 104 128 te
3064 2220 412 128 worden
3488 2220 16 128 .

1292 2328 600 140 Voetgangers
1940 2328 200 140 zijn
2172 2328 204 140 van
2400 2328 144 140 de
2592 2328 680 140 verplichting
3308 2328 152 140 tot
3496 2328 232 140 aan-
3772 2328 124 140 en
3944 2328 564 140 afmelding
4552 2328 180 140 niet
4781 2328 453 140 bevrijdt
5235 2328 25 140 .

1244 2456 96 136 Is
1384 2456 136 136 de
1540 2456 708 136 aangekomen
2292 2456 420 136 persoon
2760 2456 204 136 van
2996 2456 240 136 plan
3288 2456 108 136 in
3428 2456 120 136 de
3592 2456 336 136 plaats
3972 2456 104 136 te
4116 2456 679 136 overnachten
4802 2456 30 136 ,
4884 2456 192 136 zoo
5108 2456 88 136 is
5240 2456 112 136 er
5396 2456 124 136 de
5552 2456 504 136 toelating
6096 2456 204 136 van

633 2570 17 116 '
653 2570 47 116 t
733 2570 489 120 militaire
1257 2575 429 120 bestuur
1717 2579 245 118 voor
1995 2581 373 120 noodig
2374 2585 15 116 .

872 2684 148 148 De
1062 2684 741 148 aankomenden
1864 2684 400 148 moeten
2300 2684 208 148 den
2544 2684 308 148 naam
2892 2684 200 148 van
3144 2684 232 148 hem
3424 2684 160 148 die
3632 2684 216 148 hun
3872 2684 500 148 herbergt
4408 2684 48 148 (
4453 2684 808 148 kwartiergever
5294 2684 38 148 )
5372 2684 456 148 opgeven
5836 2684 16 148 .
5888 2684 140 148 Zij
6080 2684 224 148 ont

636 2812 396 132 vangen
1080 2812 184 132 een
1348 2812 1060 132 aanmeldingsbewijs
2416 2812 16 132 ,
2472 2812 176 132 dat
2716 2812 172 132 het
2932 2812 252 132 voor
3272 2812 176 132 het
3488 2812 416 132 verblijf
3964 2812 500 132 toegestaan
4556 2812 464 132 tijdbestek
5056 2812 124 132 en
5220 2812 196 132 den
5432 2812 344 132 naam
5856 2812 200 132 van
6100 2812 200 132 den

630 2940 752 122 kwatiergever
1426 2940 302 122 bevat
1734 2940 16 122 .

872 3052 188 136 Tot
1084 3052 608 136 verlenging
1740 3052 196 136 van
1972 3052 16 136 '
1992 3052 44 136 t
2072 3052 408 136 verblijf
2540 3052 352 136 alsook
2936 3052 156 136 tot
3140 3052 684 136 verandering
3864 3052 200 136 van
4112 3052 516 136 logement
4664 3052 48 136 (
4725 3052 497 136 kwartier
5242 3052 34 136 )
5312 3052 84 136 is
5468 3052 112 136 er
5620 3052 244 136 eene
5896 3052 404 136 nieuwe

627 3180 505 123 toelating
1171 3178 373 122 noodig
1556 3177 13 120 .

873 3292 42 140 $
985 3292 42 140 7
1041 3292 42 140 .
1139 3292 42 140 –
1240 3292 392 140 Zonder
1696 3292 1064 140 aanmeldingsbewijs
2808 3292 240 140 mag
3092 3292 200 140 aan
3341 3292 251 140 geen
3644 3292 628 140 burgerlijke
4308 3292 432 140 persoon
4804 3292 500 140 kwartier
5356 3292 452 140 gegeven
5852 3292 408 140 worden
6276 3292 20 140 .

630 3416 356 128 Indien
1032 3416 120 128 de
1196 3416 548 128 aankomst
1797 3416 118 128 na
1964 3416 60 128 7
2076 3416 198 128 uur
2318 3416 16 128 '
2340 3416 46 128 s
2420 3416 384 128 avonds
2838 3416 334 128 plaats
3216 3416 334 128 gehad
3596 3416 275 128 heeft
3873 3416 27 128 ,
3948 3416 82 128 is
4074 3416 124 128 de
4232 3416 810 128 kwartiergever
5084 3416 362 128 ervoor
5496 3416 802 128 verantwoorde

628 3524 188 136 lijk
856 3524 176 136 dat
1068 3524 120 136 de
1232 3524 428 136 persoon
1700 3524 396 136 welken
2144 3524 132 136 hij
2332 3524 488 136 herbergt
2840 3524 268 136 juist
3152 3524 380 136 bijtijds
3584 3524 16 136 '
3608 3524 40 136 s
3692 3524 452 136 anderen
4180 3524 716 136 voormiddags
4944 3524 608 136 aangemeld
5600 3524 332 136 wordt
5940 3524 16 136 .

868 3652 44 132 $
952 3652 88 132 8.
1088 3652 100 132 –
1236 3652 212 132 Het
1516 3652 1060 132 aanmeldingsbewijs
2664 3652 268 132 moet
2976 3652 200 132 aan
3240 3652 196 132 den
3488 3652 816 132 kwartiergever
4348 3652 420 132 worden
4852 3652 687 132 overhandigd
5543 3652 38 132 .
5632 3652 164 132 Hij
5888 3652 244 132 mag
6172 3652 124 132 de

628 3772 480 136 reizigers
1180 3772 328 136 alleen
1552 3772 600 136 gedurende
2196 3772 192 136 den
2432 3772 188 136 tijd
2700 3772 328 136 welke
3068 3772 124 136 op
3240 3772 176 136 het
3488 3772 1064 136 aanmeldingsbewijs
4596 3772 580 136 aangeduid
5252 3772 84 136 is
5344 3772 20 136 ,
5412 3772 108 136 in
5564 3772 260 136 zijne
5868 3772 432 136 woning

623 3900 285 101 laten
965 3902 522 102 vertoeven
1515 3905 24 100 .

1248 4012 148 132 De
1440 4012 808 132 kwartiergever
2292 4012 276 132 moet
2572 4012 20 132 ,
2636 4012 376 132 zoodra
3056 4012 120 132 de
3220 4012 700 132 geherbergde
3992 4012 432 132 persoon
4496 4012 636 132 vertrokken
5176 4012 88 132 is
5268 4012 20 132 ,
5328 4012 180 132 het
5551 4012 745 132 aanmeldings

624 4132 356 136 bewijs
1024 4132 128 136 op
1196 4132 120 136 de
1364 4132 504 136 keerzijde
1912 4132 264 136 juist
2248 4132 456 136 invullen
2756 4132 128 136 en
2928 4132 200 136 aan
3192 4132 16 136 '
3212 4132 60 136 t
3312 4132 624 136 Meldeambt
3980 4132 696 136 betrekkelijk
4720 4132 200 136 aan
4968 4132 124 136 de
5168 4132 1132 136 Ortskommandantur

627 4260 678 124 terugzenden
1326 4260 20 114 .

864 4372 48 136 S
956 4372 152 136 10.
1160 4372 104 136 –
1316 4372 512 136 Personen
1876 4372 328 136 welke
2248 4372 132 136 uit
2464 4372 144 136 het
2648 4372 704 136 operatiegebied
3384 4372 376 136 komen
3788 4372 132 136 en
3964 4372 216 136 niet
4228 4372 588 136 denzelfden
4864 4372 204 136 dag
5152 4372 440 136 weerom
5636 4372 613 136 vertrekken
6262 4372 31 136 ,

624 4492 276 136 moet
940 4492 124 136 de
1108 4492 388 136 reispas
1536 4492 248 136 door
1828 4492 180 136 het
2033 4492 643 136 Meldeambt
2707 4492 126 136 of
2840 4492 124 136 de
3032 4492 1128 136 Ortskommandantur
4220 4492 736 136 weggenomen
5000 4492 124 136 en
5172 4492 252 136 voor
5496 4492 200 136 den
5736 4492 560 136 terugkeer

619 4613 637 134 teruggeven
1289 4605 415 132 worden
1707 4606 22 124 .

863 4742 45 117 S
955 4740 105 118 11
1072 4741 17 116 .
1144 4728 104 136 –
1296 4728 148 136 De
1508 4728 760 136 Meldeambten
2328 4728 112 136 of
2472 4728 1256 136 Ortskommandanturen
3788 4728 481 136 teekenen
4294 4728 40 136 ,
4352 4728 312 136 naam
4672 4728 20 136 ,
4724 4728 372 136 beroep
5104 4728 20 136 ,
5160 4728 636 136 woonplaats
5836 4728 128 136 en
6028 4728 272 136 duur

624 4856 200 132 van
860 4856 28 132 '
896 4856 28 132 t
968 4856 400 132 verblijf
1412 4856 196 132 van
1644 4856 280 132 ieder
1956 4856 712 132 aankomende
2712 4856 424 132 persoon
3144 4856 20 132 ,
3232 4856 160 132 die
3452 4856 216 132 niet
3736 4856 584 132 denzelfden
4364 4856 204 132 dag
4636 4856 440 132 weerom
5144 4856 472 132 vertrekt
5620 4856 16 132 ,
5692 4856 352 132 alsook
6096 4856 200 132 den

624 4976 304 132 naam
976 4976 200 132 van
1220 4976 192 132 den
1436 4976 512 132 kwartier
1961 4976 303 132 gever
2274 4976 39 132 ,
2340 4976 188 132 den
2584 4976 200 132 dag
2828 4976 184 132 der
3056 4976 660 132 aanmelding
3748 4976 128 132 en
3908 4976 196 132 den
4152 4976 200 132 dag
4396 4976 180 132 der
4608 4976 560 132 afmelding
5204 4976 108 132 in
5352 4976 184 132 een
5584 4976 260 132 boek
5880 4976 128 132 op
6016 4976 20 132 .

863 5102 48 113 $
955 5096 128 116 12
1091 5096 16 112 .
1318 5098 228 124 Alle
1590 5098 330 124 hôtels
1928 5098 16 124 ,
1994 5098 570 124 herbergen
2574 5098 16 124 ,
2628 5098 880 124 privaatpensions
3552 5098 354 124 alsook
3948 5098 122 124 de
4104 5098 374 124 huizen
4486 5098 18 124 ,
4548 5098 160 124 die
4752 5098 436 124 gedurig
5226 5098 98 124 of
5356 5098 436 124 tijdelijk
5824 5098 244 124 voor
6116 5098 178 124 het

624 5216 572 124 herbergen
1228 5216 200 124 van
1464 5216 820 124 vreemdelingen
2316 5216 496 124 gebruikt
2849 5216 393 124 worden
3279 5216 37 124 ,
3324 5216 408 124 moeten
3764 5216 1124 124 inschrijvingsboeken
4920 5216 408 124 houden
5364 5216 124 124 en
5524 5216 104 124 in
5668 5216 240 124 deze
5956 5216 312 124 naam
6276 5216 20 124 ,

624 5336 372 132 beroep
1004 5336 32 132 ,
1070 5336 1026 132 staatsburgerschap
2104 5336 22 132 ,
2168 5336 634 132 woonplaats
2812 5336 18 132 ,
2878 5336 222 132 doel
3146 5336 180 132 der
3372 5336 196 132 reis
3578 5336 16 132 ,
3642 5336 270 132 duur
3983 5336 188 132 van
4222 5336 16 132 '
4242 5336 48 132 t
4332 5336 405 132 verblijf
4725 5336 33 132 ,
4809 5336 206 132 uur
5054 5336 202 132 van
5302 5336 552 132 aankomst
5898 5336 128 132 en
6084 5336 218 132 ver

625 5446 241 126 trek
905 5448 199 127 van
1139 5451 279 127 ieder
1461 5454 699 131 geherbergde
2203 5461 427 129 persoon
2673 5466 459 129 opgeven
3138 5470 17 124 .

868 5572 212 128 Een
1116 5572 544 128 uittreksel
1696 5572 200 128 van
1932 5572 152 128 dit
2116 5572 984 128 inschrijvingsboek
3140 5572 276 128 moet
3452 5572 404 128 iederen
3896 5572 424 128 morgen
4356 5572 156 128 tot
4548 5572 64 128 9
4656 5572 200 128 uur
4896 5572 412 128 worden
5348 5572 544 128 ingediend
5940 5572 204 128 aan
6176 5572 124 128 de

632 5692 504 128 bevoegde
1180 5692 508 128 belgische
1732 5692 348 128 politie
2148 5692 176 128 der
2372 5692 328 128 plaats
2732 5692 112 128 of
2908 5692 180 128 der
3132 5692 233 128 wijk
3373 5692 32 128 .
3472 5692 148 128 De
3684 5692 812 128 kwartiergever
4564 5692 84 128 is
4692 5692 364 128 ervoor
5108 5692 968 128 verantwoordelijk
6124 5692 176 128 dat

628 5808 184 128 het
840 5808 260 128 juist
1144 5808 124 128 en
1312 5808 380 128 bijtijds
1732 5808 544 128 ingediend
2328 5808 328 128 wordt
2664 5808 20 128 .

870 5936 238 132 Wie
1152 5936 214 132 niet
1414 5936 164 132 van
1618 5936 314 132 beroep
1966 5936 824 132 vreemdelingen
2836 5936 492 132 herbergt
3372 5936 124 132 en
3540 5936 484 132 derhalve
4060 5936 226 132 niet
4352 5936 149 132 tot
4544 5936 460 132 houding
5056 5936 200 132 van
5308 5936 184 132 een
5571 5936 737 132 inschrijvings

628 6056 260 124 boek
936 6056 500 124 verplicht
1480 6056 84 124 is
1572 6056 16 124 ,
1640 6056 272 124 moet
1956 6056 528 124 insgelijks
2528 6056 152 124 tot
2724 6056 60 124 9
2840 6056 200 124 uur
3084 6056 16 124 '
3108 6056 44 124 s
3216 6056 716 124 voormiddags
3972 6056 133 124 bij
4160 6056 120 124 de
4324 6056 352 124 politie
4740 6056 180 124 der
4964 6056 336 124 plaats
5348 6056 116 124 of
5504 6056 180 124 der
5740 6056 248 124 wijk
6036 6056 264 124 soms

629 6174 699 124 geherbergde
1371 6179 499 123 personen
1903 6183 459 123 opgeven
2369 6186 19 120 .

1320 6292 148 140 De
1531 6292 342 140 politie
1903 6292 180 140 der
2120 6292 334 140 plaats
2520 6292 302 140 zendt
2884 6292 410 140 iederen
3340 6292 200 140 dag
3598 6292 168 140 tot
3814 6292 62 140 5
3930 6292 194 140 uur
4158 6292 18 140 '
4186 6292 44 140 s
4276 6292 618 140 namiddags
4916 6292 122 140 de
5080 6292 594 140 ontvangen
5716 6292 588 140 meldingen

636 6412 204 136 aan
880 6412 180 136 het
1112 6412 624 136 Meldeambt
1776 6412 112 136 of
1932 6412 174 136 aan
2176 6412 120 136 de
2376 6412 1144 136 Ortskommandantur
3572 6412 244 136 door
3824 6412 20 136 ,
3888 6412 328 136 welke
4292 6412 236 136 deze
4600 6412 584 136 meldingen
5240 6412 212 136 met
5488 6412 148 136 de
5692 6412 464 136 opgaven
6196 6412 112 136 in

631 6536 27 140 '
673 6536 27 140 t
747 6536 989 144 aanmeldingsboek
1777 6540 549 143 vergelijkt
2327 6543 24 140 .

869 6659 52 116 $
970 6650 127 120 14
1101 6649 22 115 .

1196 6648 104 132 –
1348 6648 228 132 Alle
1624 6648 326 132 hôtels
1968 6648 36 132 ,
2044 6648 542 132 herbergen
2602 6648 38 132 ,
2684 6648 888 132 privaatpensions
3644 6648 132 132 en
3824 6648 124 132 de
4020 6648 372 132 huizen
4448 6648 160 132 die
4664 6648 440 132 gedurig
5164 6648 112 132 of
5332 6648 440 132 tijdelijk
5820 6648 248 132 voor
6132 6648 176 132 het

636 6766 570 136 herbergen
1270 6766 198 136 van
1534 6766 826 136 vreemdelingen
2404 6766 490 136 gebruikt
2940 6766 406 136 worden
3364 6766 16 136 ,
3416 6766 228 136 zijn
3718 6766 246 136 door
4022 6766 124 136 de
4188 6766 348 136 politie
4578 6766 438 136 gedurig
5038 6766 136 136 te
5242 6766 473 136 bewaken
5732 6766 30 136 .
5832 6766 148 136 De
6033 6766 281 136 Orts

636 6888 1008 136 kommandanturen
1688 6888 404 136 moeten
2136 6888 224 136 zich
2404 6888 244 136 door
2692 6888 440 136 dikwijls
3188 6888 100 136 te
3332 6888 720 136 kontroleeren
4116 6888 312 136 ervan
4484 6888 604 136 overtuigen
5132 6888 180 136 dat
5376 6888 124 136 de
5573 6888 743 136 inschrijvings

638 7014 392 124 boeken
1066 7014 416 124 volgens
1524 7014 608 124 voorschrift
2164 7014 566 124 aangelegd
2776 7014 202 124 zijn
3022 7014 128 124 en
3192 7014 536 124 gehouden
3774 7014 414 124 worden
4198 7014 16 124 .

1320 7124 200 140 Elk
1564 7124 468 140 Belgisch
2080 7124 723 140 staatsgevang
2798 7124 38 140 ,
2860 7124 545 140 tuchthuis
3402 7124 34 140 ,
3484 7124 649 140 tuchtschool
4131 7124 42 140 ,
4184 7124 596 140 ziekenhuis
4828 7124 124 140 en
5012 7124 196 140 alle
5252 7124 504 140 kloosters
5800 7124 96 140 of
5969 7124 347 140 gelijk

642 7248 440 128 soortige
1132 7248 648 128 instellingen
1830 7248 404 128 moeten
2280 7248 408 128 iederen
2756 7248 204 128 toe-
3006 7248 128 128 en
3198 7248 382 128 afgang
3642 7248 382 128 binnen
4100 7248 122 128 de
4304 7248 138 128 24
4512 7248 256 128 uren
4812 7248 136 128 na
5012 7248 120 128 de
5192 7248 548 128 aankomst
5796 7248 100 128 of
5956 7248 138 128 na
6136 7248 178 128 het

642 7370 418 122 vertrek
1102 7370 200 122 aan
1348 7370 174 122 het
1568 7370 624 122 Meldeambt
2224 7370 100 122 of
2354 7370 198 122 aan
2590 7370 122 122 de
2748 7370 1124 122 Ortskommandantur
3898 7370 396 122 melden
4309 7370 31 122 .
4378 7370 360 122 Indien
4774 7370 112 122 er
4920 7370 556 122 gevangenen
5514 7370 336 122 zullen
5904 7370 410 122 worden

646 7490 503 126 vrijgelaten
1156 7490 33 126 ,
1240 7490 274 126 moet
1558 7490 120 126 de
1744 7490 452 126 melding
2246 7490 380 126 bijtijds
2672 7490 206 126 voor
2924 7490 104 126 de
3094 7490 456 126 vrijlating
3622 7490 600 126 geschieden
4268 7490 128 126 en
4470 7490 176 126 het
4692 7490 272 126 moet
5038 7490 112 126 er
5206 7490 416 126 worden
5686 7490 581 126 bijgevoegd
6276 7490 32 126 ,

652 7612 476 120 wanneer
1160 7612 112 120 er
1316 7612 256 120 naar
1616 7612 328 120 welke
1980 7612 332 120 plaats
2356 7612 124 120 de
2520 7612 592 120 gevangene
3156 7612 160 120 zal
3360 7612 416 120 worden
3820 7612 590 120 vrijgelaten
4420 7612 32 120 .

886 7730 144 118 De
1070 7730 750 118 Meldeambten
1868 7730 128 118 en
2042 7730 1186 118 Ortskommandaturen
3274 7730 402 118 moeten
3720 7730 122 118 de
3888 7730 508 118 bevoegde
4444 7730 758 118 Meldeambten
5232 7730 218 118 van
5486 7730 418 118 iederen
5948 7730 206 118 toe-
6182 7730 132 118 en

646 7850 380 124 afgang
1058 7850 202 124 van
1296 7850 312 124 onder
1640 7850 442 124 toezicht
2114 7850 446 124 gestelde
2608 7850 474 124 personen
3126 7850 658 124 verwittigen
3794 7850 12 124 .

883 7962 46 117 $
968 7960 125 118 16
1103 7960 14 116 .
1317 7962 806 130 Overtredingen
2175 7962 397 130 worden
2606 7962 239 130 met
2864 7962 178 130 ten
3088 7962 418 130 hoogste
3570 7962 39 130 1
3651 7962 214 130 jaar
3904 7962 620 130 gevangenis
4570 7962 110 130 of
4714 7962 208 130 met
4966 7962 176 130 ten
5190 7962 422 130 hoogste
5660 7962 294 130 4000
5976 7962 336 130 mark

648 8080 532 122 geldboete
1216 8082 436 122 gestraft
1644 8084 32 120 .

884 8254 106 108 E.
1040 8254 98 108 H
1148 8254 16 108 ,
1216 8254 108 108 O.
1336 8254 18 108 ,
1402 8254 192 108 den
1654 8254 132 108 17
1834 8254 218 108 Juli
2098 8254 258 108 1916
2370 8254 14 108 ,

3923 8240 149 141 De
4135 8241 949 145 Etappeninspekteur
5065 8246 35 140 ,

3495 8393 205 122 VON
3767 8388 481 125 UNGER
4252 8388 21 120 ,
4347 8383 401 124 General
4799 8381 161 121 der
5039 8375 527 125 Kavallerie
5565 8375 27 120 .

4672 4813 17 36 7

867 6300 52 123 S
968 6288 125 128 13
1099 6286 24 121 .

870 7133 53 120 S
965 7122 120 125 15
1090 7120 21 118 .

656 8510 212 72 Drukk
878 8511 4 72 .
926 8511 54 72 St
1026 8511 290 73 Antonius
1322 8512 12 72 ,
1374 8513 110 72 Jos
1490 8513 10 72 .
1544 8513 336 74 DOOREMAN
1898 8515 16 72 -
1923 8515 359 74 VOLCKAERT
