6763 9244
1588 380 3700 272 VERORDENING

543 704 745 178 betreffende
1343 707 185 176 het
1593 708 99 176 in
1767 708 849 179 beslagnemen
2680 712 135 176 en
2887 713 489 177 afhalen
3435 715 204 176 van
3703 715 961 181 huishoudings-
4720 720 135 176 en
4925 720 1365 182 gebruiksvoorwerpen

2255 936 212 136 vau
2572 936 561 136 KOPER
3170 936 34 136 ,
3297 936 644 136 NIKKEL
4044 936 144 136 en
4329 936 213 136 TIN
4586 936 22 136 .

581 1196 21 48 1
612 1196 11 48 .

704 1184 12 78 -
736 1184 114 78 Alle
870 1184 388 78 huishoudings-
1284 1184 62 78 en
1370 1184 568 78 gebruiksvoorwerpen
1964 1184 158 78 welke
2142 1184 274 78 heelemaal
2442 1184 56 78 of
2518 1184 120 78 voor
2662 1184 8 78 '
2678 1184 18 78 t
2718 1184 228 78 grootste
2970 1184 228 78 gedeelte
3224 1184 78 78 uit

374 1262 156 82 koper
534 1262 12 82 ,
566 1262 172 82 nikkel
746 1262 10 82 ,
778 1262 74 82 tin
874 1262 56 82 of
958 1262 78 82 uit
1064 1262 244 82 mengsels
1334 1262 140 82 dezer
1494 1262 216 82 metalen
1716 1262 10 82 ,
1755 1262 357 82 inzonderheid
2150 1262 78 82 uit
2256 1262 220 82 messing
2500 1262 18 82 (
2524 1262 268 82 geelkoper
2799 1262 18 82 )
2808 1262 18 82 ,
2854 1262 152 82 brons
3010 1262 12 82 ,
3048 1262 238 82 spinsbek
3292 1262 10 82 ,

374 1336 310 82 kunstzilver
706 1336 24 82 (
722 1336 273 82 argentaan
1002 1336 24 82 )
1043 1336 48 82 en
1112 1336 188 82 alpaca
1322 1336 204 82 bestaan
1530 1336 16 82 ,
1564 1336 200 82 worden
1800 1336 124 82 door
1958 1336 116 82 deze
2112 1336 50 82 in
2190 1336 418 82 beslaggenomen
2646 1336 62 82 en
2732 1336 186 82 zullen
2954 1336 190 82 binnen
3182 1336 118 82 kort

369 1422 205 70 worden
609 1424 255 72 afgehaald
876 1428 13 68 .

3734 1198 32 48 6
3771 1198 10 48 .
3904 1186 250 80 Wanneer
4180 1186 60 80 de
4260 1186 54 80 in
4342 1186 400 80 beslaggenomen
4778 1186 320 80 voorwerpen
5128 1186 260 80 afgebaald
5414 1186 202 80 worden
5624 1186 6 80 ,
5652 1186 76 80 zal
5766 1186 58 80 de
5850 1186 196 80 waarde
6074 1186 150 80 ervan
6246 1186 90 80 aan
6376 1186 98 80 den

3526 1268 236 76 eigenaar
3788 1268 56 76 of
3862 1268 92 76 aan
3974 1268 168 76 zijnen
4160 1268 354 76 gemachtigde
4538 1268 440 76 plaatsvervanger
4998 1268 62 76 na
5080 1268 60 76 de
5166 1268 246 76 volgende
5428 1268 368 76 prijsbepaling
5816 1268 256 76 voorgoed
6098 1268 204 76 worden

5374 1408 41 66 fr
5423 1408 13 66 .
5478 1408 112 66 1,50
5594 1408 10 66 ,
5676 1408 118 66 2,50

5481 1487 107 62 1,00
5679 1486 112 62 1,50

4280 1509 17 25 >

4498 1503 15 32 >

570 1578 44 74 2.
644 1578 62 74 —
734 1578 60 74 In
822 1578 422 74 beslaggenomen
1270 1578 62 74 en
1358 1578 260 74 afgehaald
1642 1578 204 74 worden
1872 1578 324 74 beweeglijke
2238 1578 320 74 voorwerpen
2562 1578 12 74 .
2600 1578 94 74 Dit
2730 1578 126 74 slaat
2880 1578 178 74 verder
3096 1578 98 74 ook
3230 1578 64 74 op

364 1652 146 76 zulke
532 1652 320 76 voorwerpen
851 1652 21 76 ,
892 1652 158 76 welke
1076 1652 80 76 tot
1190 1652 96 76 den
1322 1652 220 76 verkoop
1568 1652 226 76 bestemd
1818 1652 95 76 zijn
1920 1652 18 76 ,
1958 1652 108 76 niet
2086 1652 134 76 meer
2254 1652 242 76 gebruikt
2516 1652 202 76 worden
2746 1652 54 76 of
2818 1652 110 76 zich
2964 1652 54 76 in
3038 1652 256 76 bewaring

363 1741 95 70 van
479 1739 241 71 personen
747 1737 247 71 bevinden
1019 1736 83 70 die
1121 1735 79 70 tot
1225 1734 87 70 het
1335 1732 243 72 Duitsche
1597 1730 141 71 leger
1755 1728 245 72 behooren
2012 1728 14 70 .

4203 1402 139 66 Voor
4383 1405 25 64 1
4441 1405 105 67 kilo
4590 1408 155 67 koper
4782 1412 20 64 .

4383 1492 18 45 1
4594 1488 218 68 messing
4848 1488 16 68 (
4868 1488 270 68 geelkoper
5140 1488 18 68 )

4377 1571 18 46 1
4593 1567 234 67 spinsbek
4829 1567 18 64 ,
4900 1565 154 65 brons
5106 1564 56 64 of

4369 1638 313 69 kunstzilver
4701 1644 15 64 (
4721 1644 273 70 argentaan
4997 1649 21 64 )

4205 1722 136 58 Voor
4382 1722 16 58 1
4442 1722 106 58 kilo
4586 1722 172 58 zuiver
4796 1722 172 58 nikkel
5004 1722 10 58 .

4380 1806 15 47 1
4496 1808 14 47 )

4384 1802 16 56 1
4591 1806 63 49 tin

5469 1643 113 64 1,20
5586 1643 13 62 ,
5671 1641 111 63 1,75

5385 1723 16 64 →
5461 1722 118 65 4,00
5583 1722 12 64 ,
5665 1721 116 65 6,00

5459 1799 109 64 3,50
5573 1799 16 64 .
5663 1798 116 64 5,50

6085 1715 148 97 2003

565 1893 114 68 Zijn
705 1892 90 69 vrij
815 1892 104 68 vau
947 1891 86 69 het
1053 1891 52 68 in
1127 1889 346 70 beslagnemen
1497 1889 62 68 en
1583 1888 50 68 af
1632 1888 146 68 halen
1805 1887 12 68 :

707 2010 36 68 1.
791 2011 273 72 Kerkelijke
1095 2016 292 74 voorwerpen
1397 2021 14 68 ,

3734 1924 78 82 Bij
3837 1924 318 82 vaststelling
4164 1924 102 82 van
4294 1924 14 82 '
4314 1924 14 82 t
4351 1924 218 82 gewicht
4594 1924 162 82 zullen
4783 1924 229 82 beslagen
5032 1924 162 82 welke
5210 1924 93 82 van
5330 1924 108 82 niet
5462 1924 53 82 in
5552 1924 418 82 beslaggenomen
5996 1924 182 82 stoffen
6214 1924 239 82 gemaakt

3517 2006 96 72 zijn
3620 2007 19 72 ,
3659 2007 109 73 niet
3785 2008 205 74 worden
4010 2010 407 77 medegerekend
4416 2014 14 72 .

3724 2088 182 76 Indien
3926 2088 60 76 de
4008 2088 232 76 eigenaar
4258 2088 108 76 niet
4390 2088 250 76 aanwezig
4662 2088 38 76 is
4708 2088 8 76 ,
4738 2088 72 76 zal
4832 2088 60 76 de
4918 2088 370 76 burgemeester
5312 2088 92 76 een
5422 2088 494 76 opeischingsbewijs
5940 2088 271 76 ontvangen
6228 2088 16 76 .

698 2142 44 78 2.
788 2142 290 78 Armaturen
1102 2142 90 78 van
1216 2142 319 78 waterleiding
1538 2142 18 78 ,
1578 2142 90 78 gas
1702 2142 56 78 en
1786 2142 202 78 centrale
2012 2142 311 78 verwarming
2322 2142 19 78 ,
2380 2142 402 78 badverwarmers
2777 2142 16 78 ,
2822 2142 138 78 deur-
3003 2142 45 78 en
3086 2142 198 78 venster

829 2237 214 72 knoopen
1080 2237 21 72 (
1103 2237 192 72 klinken
1331 2237 58 72 en
1419 2237 220 72 grendels
1642 2237 21 72 )
1667 2237 13 72 ,
1719 2237 327 72 onbevreeglijk
2077 2237 328 72 gemonteerde
2437 2237 533 72 verlichtingstoestellen
3008 2237 57 72 en
3108 2237 182 72 gemon

827 2324 153 71 teerde
1009 2325 343 75 meubelslagen
1363 2329 13 70 ,

3730 2240 44 80 7.
3794 2240 42 80 -
3888 2240 298 80 Onmisbare
4208 2240 562 80 gebruiksvoorwerpen
4772 2240 18 80 ,
4830 2240 360 80 inzonderheid
5208 2240 298 80 kookketels
5510 2240 12 80 ,
5548 2240 321 80 waschketels
5872 2240 16 80 ,
5912 2240 174 80 braad-
6112 2240 62 80 en
6191 2240 261 80 kookpan

3738 2252 14 49 7

3516 2316 94 82 nen
3617 2316 12 82 ,
3670 2316 300 82 kandelaars
3968 2316 15 82 .
4028 2316 286 82 badkuipen
4362 2316 62 82 en
4468 2316 212 82 pompen
4728 2316 204 82 kunnen
4972 2316 148 82 tegen
5162 2316 224 82 betaling
5426 2316 124 82 door
5598 2316 180 82 andere
5814 2316 282 82 vervangen
6134 2316 200 82 worden
6338 2316 10 82 .
6368 2316 78 82 De

3512 2398 232 78 behoefte
3764 2398 94 78 aan
3876 2398 48 78 te
3948 2398 280 78 vervangen
4256 2398 220 78 stukken
4498 2398 136 78 moet
4654 2398 88 78 aan
4770 2398 60 78 de
4852 2398 141 78 Orts-
5014 2398 18 78 (
5041 2398 245 78 Etappen-
5286 2398 18 78 )
5328 2398 430 78 kommandantur
5782 2398 200 78 gemeld
5998 2398 200 78 worden
6203 2398 14 78 .

694 2458 42 76 3.
780 2458 308 76 Voorwerpen
1106 2458 142 76 welke
1275 2458 56 76 om
1372 2458 98 76 hun
1488 2458 332 76 kunstwaarde
1853 2458 56 76 of
1921 2458 428 76 geschiedkundige
2366 2458 260 76 beteekenis
2650 2458 64 76 of
2724 2458 74 76 om
2824 2458 176 76 andere
3012 2458 272 76 gewichtigs

828 2548 200 74 redenen
1048 2548 120 74 door
1190 2548 56 74 de
1272 2548 130 74 Orts-
1424 2548 20 74 (
1460 2548 234 74 Etappen-
1694 2548 18 74 )
1732 2548 400 74 kommandantur
2150 2548 118 74 door
2286 2548 178 74 middel
2484 2548 90 74 van
2598 2548 80 74 een
2704 2548 282 74 schriftelijk
3012 2548 154 74 bewijs
3194 2548 88 74 van

821 2645 57 72 de
911 2645 51 72 in
997 2641 351 75 beslagneming
1379 2639 271 75 vrijgesteld
1679 2638 191 73 worden
1871 2637 13 72 .

3715 2561 46 76 8.
3783 2561 62 76 —
3867 2560 108 77 Met
3995 2560 84 76 ten
4117 2559 210 76 hoogste
4365 2558 28 76 5
4425 2558 114 76 jaar
4573 2556 306 77 gevangenis
4911 2555 60 77 en
4993 2554 118 77 met
5139 2553 262 77 geldboete
5423 2553 78 76 tot
5541 2552 178 76 10.000
5745 2551 142 76 mark
5923 2550 48 77 of
5995 2549 109 77 met
6135 2549 120 77 eene
6298 2547 139 78 dezer

3513 2633 194 69 straffen
3736 2638 177 68 wordt
3919 2642 214 68 gestraft
4141 2646 19 64 .

556 2804 28 54 3
594 2804 8 54 .
722 2792 250 78 Personen
998 2792 82 78 die
1106 2792 54 78 in
1188 2792 412 78 beslaggenomen
1628 2792 326 78 voorwerpen
1990 2792 52 78 in
2078 2792 258 78 bewaring
2372 2792 196 78 hebben
2572 2792 12 78 ,
2610 2792 102 78 zijn
2744 2792 180 78 ervoor
2961 2792 319 78 verantwoor

352 2872 160 78 delijk
540 2872 86 78 dat
650 2872 114 78 deze
792 2872 52 78 in
870 2872 148 78 stand
1042 2872 262 78 gehouden
1332 2872 200 78 worden
1558 2872 62 78 en
1648 2872 76 78 ter
1750 2872 338 78 beschikking
2112 2872 182 78 blijven
2305 2872 18 78 .
2348 2872 96 78 Tot
2470 2872 86 78 dat
2582 2872 60 78 de
2670 2872 320 78 voorwerpen
3018 2872 262 78 afgehaald

347 2964 192 73 worden
552 2964 16 72 ,
595 2962 181 73 mogen
801 2961 63 72 zij
895 2957 287 76 behoorlijk
1207 2956 243 74 gebruikt
1471 2954 203 73 worden
1689 2953 15 72 ;
1729 2953 57 72 ze
1811 2952 51 72 te
1887 2949 355 75 vervreemden
2267 2948 43 72 is
2335 2946 255 74 verboden
2595 2945 13 72 ,

3854 2764 40 82 1.
3942 2764 108 82 Wie
4066 2764 52 82 in
4142 2764 146 82 strijd
4306 2764 92 82 met
4414 2764 142 82 cijfer
4578 2764 30 82 3
4634 2764 50 82 in
4726 2764 384 82 beslaggenomen
5126 2764 298 82 voorwerpen
5458 2764 264 82 verwijdert
5738 2764 64 82 of
5814 2764 60 82 op
5897 2764 184 82 andere
6106 2764 132 82 wijze
6260 2764 96 82 aan
6382 2764 60 82 de

3995 2845 404 79 inbeslagneming
4423 2843 211 78 onttrekt
4625 2844 14 76 .

3843 2945 44 74 2.
3941 2945 104 74 Wie
4061 2944 52 74 in
4129 2944 146 74 strijd
4295 2943 90 74 met
4401 2942 142 75 cijfer
4565 2942 34 74 4
4621 2942 52 74 in
4703 2941 151 75 beslag
4857 2940 216 75 genomen
5099 2939 298 75 voorwerpen
5415 2938 96 74 niet
5527 2937 188 75 aflevert
5737 2937 64 74 of
5807 2936 100 75 niet
5921 2935 248 75 aanmeldt
6165 2935 13 74 .

552 3123 31 50 4
588 3123 10 50 .
720 3106 241 76 Personen
996 3106 82 76 die
1104 3106 52 76 in
1187 3106 162 76 beslag
1360 3106 230 76 genomen
1636 3106 322 76 voorwerpen
1984 3106 54 76 in
2064 3106 256 76 bewaring
2348 3106 196 76 hebben
2550 3106 10 76 ,
2586 3106 102 76 zijn
2716 3106 250 76 verplicht
2994 3106 116 76 deze
3140 3106 138 76 voor

350 3196 194 75 werpen
565 3196 66 74 op
651 3195 80 75 die
751 3194 158 75 dagen
949 3194 58 74 en
1035 3193 90 75 aan
1165 3192 80 75 die
1285 3191 222 75 plaatsen
1535 3191 50 74 te
1611 3189 198 75 leveren
1815 3189 10 74 ,
1853 3188 158 75 welke
2037 3187 124 75 door
2197 3187 60 74 de
2297 3186 138 74 Orts-
2463 3185 18 74 (
2491 3184 248 75 Etappen-
2737 3184 18 74 )
2781 3180 494 78 kommandanturen

348 3266 162 78 zullen
534 3266 282 78 aangeduid
840 3266 194 78 worden
1041 3266 13 78 .
1082 3266 412 78 Onbeweeglijke
1520 3266 48 78 of
1596 3266 230 78 moeilijk
1852 3266 48 78 te
1926 3266 270 78 vervoeren
2222 3266 319 78 voorwerpen
2549 3266 13 78 ,
2582 3266 162 78 welke
2764 3266 88 78 aan
2882 3266 62 78 de
2964 3266 310 78 aangeduide

342 3344 162 82 plaats
526 3344 50 82 te
596 3344 198 82 leveren
814 3344 102 82 niet
940 3344 278 82 doelmatig
1238 3344 188 82 schijnt
1446 3344 56 82 of
1516 3344 120 82 voor
1656 3344 60 82 de
1736 3344 256 82 eigenaars
2014 3344 314 82 onmogelijk
2350 3344 42 82 is
2398 3344 10 82 ,
2430 3344 200 82 moeten
2648 3344 204 82 worden
2874 3344 294 82 aangemeld
3188 3344 84 82 ten

341 3438 149 71 einde
527 3434 309 73 losgemaakt
871 3433 61 70 en
971 3430 261 72 afgehaald
1265 3429 49 70 te
1351 3426 199 72 worden
1557 3426 11 70 .

3708 3088 174 70 Iedere
3910 3088 190 70 poging
4122 3088 44 70 is
4190 3088 243 70 strafbaar
4434 3088 15 70 .

3707 3167 214 74 Behalve
3941 3166 60 74 de
4027 3165 130 75 straf
4171 3165 206 74 kunnen
4395 3164 62 74 de
4483 3163 320 75 voorwerpen
4809 3162 12 74 ,
4839 3162 80 74 tot
4937 3161 162 75 welke
5117 3161 60 74 de
5197 3159 392 76 overtredingen
5605 3158 308 75 betrekking
5931 3157 195 74 hebben
6128 3156 16 74 ,
6170 3155 240 75 verbeurd

3500 3244 266 72 verklaard
3792 3244 202 72 worden
3998 3244 12 72 ,
4034 3244 186 72 zonder
4240 3244 330 72 onderscheid
4594 3244 58 72 of
4664 3244 62 72 zij
4752 3244 90 72 aan
4864 3244 94 72 den
4980 3244 290 72 overtreder
5292 3244 256 72 behooren
5566 3244 58 72 of
5642 3244 108 72 niet
5754 3244 12 72 .

3701 3329 118 66 Zijn
3847 3328 220 67 bevoegd
4095 3328 62 66 de
4179 3326 244 67 Duitsche
4445 3325 240 67 militaire
4705 3324 344 67 rechtbanken
5075 3323 60 66 en
5157 3322 242 67 militaire
5419 3321 227 67 besturen
5660 3321 13 66 .

3706 3474 62 64 A.
3793 3474 159 64 H.Q.
3949 3474 17 64 ,
3999 3474 73 64 den
4108 3474 59 64 23
4191 3474 111 64 Juli
4333 3474 117 64 1916
4461 3474 13 64 .

4740 3584 182 98 Der
4978 3584 853 98 Oberbefehlshaber
5834 3584 24 98 ,

544 3594 28 48 5
582 3594 6 48 .
694 3578 106 78 Het
820 3578 202 78 afhalen
1044 3578 88 78 van
1152 3578 54 78 in
1216 3578 422 78 beslaggenomen
1660 3578 322 78 voorwerpen
1986 3578 12 78 ,
2016 3578 160 78 welke
2194 3578 110 78 zich
2324 3578 54 78 in
2398 3578 222 78 verlaten
2640 3578 272 78 gebouwen
2936 3578 54 78 of
3001 3578 263 78 woningen

340 3658 246 76 bevinden
592 3658 12 76 ,
622 3658 164 76 wordt
806 3658 124 76 door
948 3658 60 76 de
1028 3658 144 76 Orts-
1196 3658 20 76 (
1218 3658 248 76 Etappen-
1472 3658 16 76 )
1526 3658 492 76 kommandanturen
2052 3658 230 76 geregeld
2288 3658 18 76 .
2332 3658 94 76 Dit
2444 3658 44 76 is
2512 3658 100 76 ook
2648 3658 324 76 toepasselijk
2980 3658 10 76 ,
3012 3658 172 76 indien
3210 3658 60 76 de

342 3738 222 78 verlaten
600 3738 272 78 gebouwen
908 3738 56 78 of
1000 3738 266 78 woningen
1292 3738 124 78 door
1452 3738 238 78 besturen
1732 3738 52 78 of
1822 3738 244 78 personen
2090 3738 244 78 bewoond
2370 3738 104 78 zijn
2516 3738 80 78 die
2634 3738 78 78 tot
2750 3738 86 78 het
2862 3738 246 78 Duitsche
3134 3738 136 78 leger

338 3828 252 58 behooren
598 3828 8 58 .

4207 3744 449 146 Herzog
4711 3746 529 147 Albrecht
5291 3749 225 145 von
5567 3751 829 148 Württemberg
6399 3755 21 144 .

1855 4152 3073 267 INLICHTING

692 4500 156 188 tot
948 4500 144 188 de
1196 4500 836 188 Verordening
2172 4500 56 188 V
2381 4500 217 188 196
2712 4500 748 188 betreffende
3556 4500 192 188 bet
3856 4500 116 188 in
4076 4500 864 188 beslagnemen
5036 4500 144 188 en
5276 4500 484 188 afhalen
5864 4500 220 188 van

2133 4514 127 174 *

888 4704 1144 184 huishoudkundige
2107 4704 106 184 en
2305 4704 1349 184 gebruiksvoorwerpen
3744 4704 182 184 van
4008 4704 551 184 KOPER
4586 4704 38 184 ,
4680 4704 648 184 NIKKEL
5384 4704 136 184 eo
5576 4704 280 184 TIN
5872 4704 24 184 .

3486 4982 200 76 moeten
3728 4982 270 76 afgegeven
4056 4982 203 76 worden
4268 4982 18 76 ,
4324 4982 282 76 aftenemen
4650 4982 62 76 en
4756 4982 56 76 in
4846 4982 90 76 een
4988 4982 240 76 daarover
5260 4982 234 76 geschikt
5534 4982 204 76 vertrek
5790 4982 204 76 volgens
6044 4982 60 76 de
6160 4982 272 76 hieronder

3486 5060 314 71 aangeduide
3826 5060 402 72 rangschikking
4246 5062 284 71 gezonderd
4548 5063 52 70 te
4626 5064 222 70 stapelen
4876 5065 10 70 .

4310 5196 46 69 1.
4390 5198 175 73 Koper
4570 5203 12 68 .

4304 5272 48 76 2.
4392 5272 284 76 Geelkoper
4680 5272 12 76 .

4306 5358 46 74 3.
4392 5358 302 74 Roodkoper
4698 5358 12 74 ,
4736 5358 182 74 bronze
4922 5358 12 74 ,
4960 5358 318 74 nieuwzilver
5296 5358 64 74 en
5380 5358 200 74 alpacca
5579 5358 18 74 .

4303 5438 49 56 4.
4389 5438 191 58 Nikkel
4587 5440 11 56 .

4305 5520 48 53 5.
4389 5521 99 55 Tin

542 4972 104 88 Het
670 4972 54 88 in
750 4972 348 88 beslagnemen
1124 4972 58 88 en
1210 4972 208 88 afhalen
1422 4972 12 88 ,
1460 4972 426 88 voorgeschreven
1910 4972 54 88 in
1990 4972 60 88 de
2076 4972 172 88 cijfers
2272 4972 24 88 1
2316 4972 64 88 en
2406 4972 28 88 2
2440 4972 10 88 ,
2472 4972 126 88 slaat
2618 4972 62 88 op
2702 4972 60 88 de
2782 4972 390 88 huishoudings-
3198 4972 60 88 en

338 5050 556 78 gebruiksvoorwerpen
898 5050 18 78 ,
936 5050 164 78 welke
1136 5050 110 78 zich
1282 5050 52 78 in
1372 5050 608 78 privaathuishoudingen
2018 5050 56 78 of
2105 5050 99 78 wel
2234 5050 50 78 te
2328 5050 129 78 koop
2490 5050 54 78 in
2572 5050 208 78 winkels
2804 5050 252 78 bevinden
3062 5050 10 78 ,
3110 5050 54 78 in
3202 5050 62 78 de

337 5135 214 70 ruimste
570 5135 440 70 uitgestrektheid
1014 5135 18 70 .

540 5246 154 68 Ertoe
732 5246 248 68 behooren
1020 5246 344 68 bijvoorbeeld
1402 5246 12 68 :

748 5332 168 72 Kook-
936 5332 62 73 en
1024 5333 302 73 inlegketels
1330 5334 12 72 ,
1364 5335 320 73 marmelade-
1706 5336 62 72 en
1798 5336 286 74 spijsketels
2080 5338 18 72 ,
2122 5338 178 73 potten
2304 5339 14 72 ,
2344 5339 318 74 fruitkokers
2657 5341 17 72 ,
2702 5341 194 73 pannen
2904 5342 10 72 ,
2936 5342 310 74 bakvormen
3254 5344 10 72 ,

746 5410 295 71 kasserollen
1050 5411 16 70 ,
1104 5412 254 71 afkoelers
1362 5413 10 70 ,
1400 5414 214 71 schotels
1618 5415 12 70 ,
1658 5415 274 72 mortieren
1972 5417 102 71 unet
2098 5418 246 71 stampers
2339 5419 17 70 ,
2384 5420 342 71 melkkannen
2732 5422 10 70 ,
2778 5422 220 71 kruiken
3006 5423 10 70 ,
3044 5424 204 71 vormen
3254 5425 14 70 ,

746 5492 178 78 zeeven
958 5492 19 78 (
983 5492 177 78 zeeften
1168 5492 19 78 ,
1224 5492 296 78 stramijnen
1533 5492 18 78 )
1540 5492 18 78 ,
1594 5492 158 78 lepels
1790 5492 16 78 (
1810 5492 78 78 tin
1890 5492 20 78 )
1916 5492 10 78 ,
1950 5492 188 78 vorken
2178 5492 18 78 (
2198 5492 78 78 tin
2280 5492 18 78 )
2302 5492 12 78 ,
2350 5492 174 78 koffie-
2522 5492 16 78 ,
2580 5492 118 78 thee
2700 5492 18 78 -
2722 5492 204 78 kannen
2968 5492 60 78 en
3066 5492 184 78 -ketels
3252 5492 12 78 ,

744 5566 328 75 waschketels
1076 5567 10 74 ,
1136 5568 314 75 ovendeuren
1454 5570 16 74 ,
1518 5570 432 76 kookmachienen
1958 5572 12 74 ,
2018 5573 290 75 badkuipen
2316 5574 12 74 ,
2376 5575 318 76 warmwater
2698 5577 15 74 -
2709 5577 169 75 stoven
2885 5578 15 74 ,
2942 5578 218 75 -bakken
3202 5579 62 75 en

744 5648 230 76 -slangen
1012 5649 16 76 (
1032 5649 304 77 serpentijns
1340 5650 16 76 )
1362 5650 10 76 ,
1412 5650 296 77 drukketels
1714 5651 10 76 ,
1750 5652 580 78 warmwatertoestellen
2362 5654 20 76 (
2387 5654 359 77 zoogenaamde
2782 5656 12 76 «
2830 5655 164 78 boiler
3028 5657 14 76 »
3052 5657 18 76 )
3074 5657 14 76 ,
3116 5657 46 76 al
3188 5657 78 77 dit

746 5728 50 68 in
816 5728 434 70 kookmachienen
1254 5730 10 68 ,
1286 5730 120 69 voor
1424 5731 176 69 zoover
1620 5732 62 68 zij
1714 5733 106 68 niet
1840 5733 78 69 tot
1936 5734 86 68 het
2048 5734 194 70 bedrijf
2260 5736 88 68 van
2366 5736 446 70 badinrichtingen
2834 5739 62 68 en
2906 5739 120 68 voor
3046 5740 220 69 centrale

746 5806 334 73 verwarming
1104 5808 178 73 dienen
1290 5809 10 72 ,
1328 5809 332 74 waterkassen
1666 5811 10 72 ,
1704 5812 300 73 ingemetste
2032 5814 160 72 ketels
2212 5815 92 72 van
2330 5815 130 73 allen
2486 5816 118 73 aard
2616 5817 6 72 .
2642 5817 172 73 alsook
2844 5819 218 73 pompen
3066 5820 10 72 ,
3100 5820 146 73 vazen
3254 5821 10 72 .

746 5890 344 80 bloempotten
1128 5890 60 80 en
1226 5890 198 80 schalen
1430 5890 10 80 ,
1464 5890 498 80 versieringskannen
1963 5890 18 80 ,
2020 5890 178 80 bekers
2202 5890 10 80 ,
2252 5890 247 80 tellooren
2500 5890 17 80 ,
2542 5890 474 80 presenteerbladen
3018 5890 12 80 ,
3077 5890 191 80 suiker

746 5964 186 70 doozen
938 5965 10 70 ,
986 5965 448 72 theeglashouders
1426 5967 18 70 ,
1482 5968 352 71 tafelstanders
1840 5969 10 70 ,
1890 5970 184 71 borden
2082 5971 12 70 ,
2120 5971 166 71 maten
2326 5972 60 70 en
2424 5973 282 71 gewichten
2742 5974 22 70 (
2767 5974 157 71 boven
2960 5975 60 71 de
3062 5976 94 70 100
3190 5977 65 70 gr
3251 5977 13 70 .

748 6048 302 76 inbegrepen
1056 6048 16 76 )
1078 6048 12 76 ,
1132 6048 296 76 deurplaten
1472 6048 60 76 en
1576 6048 406 76 uithangborden
2020 6048 18 76 (
2042 6048 120 76 voor
2196 6048 176 76 zoover
2406 6048 62 76 zij
2510 6048 134 76 meer
2682 6048 96 76 dan
2816 6048 98 76 300
2954 6048 102 76 cm2
3096 6048 170 76 vlakte

744 6124 232 72 bevatten
980 6124 16 72 )
1002 6125 12 72 ,
1054 6125 378 73 brievenbussen
1439 6126 16 72 ,
1498 6126 240 73 massievė
1782 6128 386 73 trapleuningen
2174 6129 12 72 ,
2245 6129 109 73 voor
2402 6130 178 73 zoover
2614 6131 65 72 zij
2724 6131 259 74 afschroef
2983 6132 121 73 baar
3142 6133 94 72 zijn
3245 6133 18 72 ,

744 6202 236 73 massieve
1016 6203 198 73 lampen
1215 6204 17 72 ,
1270 6205 194 73 schrijf-
1502 6206 60 72 en
1600 6206 392 74 rooktoestellen
2000 6209 10 72 ,
2048 6209 420 74 bedverwarmers
2472 6211 12 72 ,
2522 6211 318 75 strijkgerief
2831 6213 18 72 .

550 6312 372 72 Bovenstaande
944 6314 142 71 reeks
1112 6315 146 71 bevat
1276 6316 106 70 niet
1402 6317 94 70 alle
1516 6317 52 71 af
1590 6318 48 70 te
1664 6318 198 71 leveren
1884 6320 313 71 voorwerpen
2216 6322 13 70 ;
2254 6322 62 70 zij
2340 6322 72 71 zal
2434 6323 182 71 slechts
2636 6324 78 70 tot
2736 6325 312 71 aanduiding
3068 6327 180 71 dienen
3254 6328 10 70 .

338 6396 122 82 Erin
484 6396 248 82 begrepen
756 6396 102 82 zijn
886 6396 96 82 alle
1004 6396 318 82 voorwerpen
1350 6396 90 82 van
1470 6396 326 82 spaarmetaal
1826 6396 156 82 welke
2008 6396 52 82 in
2086 6396 114 82 huis
2208 6396 8 82 ,
2244 6396 92 82 hof
2366 6396 56 82 of
2440 6396 254 82 werkhuis
2726 6396 320 82 voorhanden
3072 6396 60 82 en
3158 6396 106 82 niet

337 6475 368 75 uitdrukkelijk
733 6475 300 73 uitgesloten
1068 6474 93 72 zijn
1175 6474 13 72 .

552 6556 74 74 De
652 6556 330 74 verordening
1020 6556 124 74 slaat
1162 6556 62 74 op
1252 6556 114 74 deze
1390 6556 320 74 voorwerpen
1732 6556 94 74 ook
1836 6556 10 74 ,
1886 6556 163 74 indien
2072 6556 62 74 zij
2160 6556 104 74 met
2284 6556 90 74 een
2394 6556 250 74 omhulsel
2670 6556 18 74 (
2692 6556 180 74 metaal
2880 6556 10 74 ,
2914 6556 80 74 lak
3002 6556 8 74 ,
3038 6556 146 74 kleur
3204 6556 58 74 en

335 6635 282 73 dergelijke
615 6635 19 70 )
659 6633 209 72 bekleed
889 6632 95 71 zijn
990 6632 19 70 .

537 6738 99 76 Tot
659 6739 145 77 cijfer
829 6740 31 76 2
881 6740 161 77 wordt
1059 6742 89 76 het
1167 6743 245 77 volgende
1431 6745 299 78 opgemerkt
1755 6747 13 76 :

552 6844 40 80 1.
598 6844 18 80 )
660 6844 464 80 Godsdienstelijke
1160 6844 318 80 voorwerpen
1484 6844 12 80 ,
1538 6844 162 80 zooals
1742 6844 274 80 madonnas
2020 6844 10 80 ,
2074 6844 162 80 kruis-
2280 6844 62 80 en
2390 6844 434 80 heiligenbeelden
2850 6844 182 80 gelden
3066 6844 96 80 ook
3210 6844 52 80 in

740 6926 380 78 privaathuizen
1142 6926 70 78 als
1230 6926 282 78 kerkelijke
1534 6926 320 78 voorwerpen
1880 6926 60 78 en
1962 6926 204 78 worden
2186 6926 204 78 daarom
2410 6926 106 78 niet
2542 6926 54 78 in
2612 6926 413 78 beslaggenomen
3028 6926 18 78 .

552 7022 28 76 3
584 7022 20 76 )
610 7022 10 76 .
644 7022 98 76 Tot
760 7023 386 77 voorbereiding
1164 7024 88 77 der
1276 7025 266 77 beslissing
1576 7026 56 77 of
1646 7027 92 76 een
1762 7027 256 77 voorwerp
2054 7029 352 77 kunstwaarde
2426 7030 56 77 of
2494 7031 460 78 geschiedkundige
2974 7033 288 77 beteekenis

752 7104 139 70 heeft
888 7104 16 70 ,
924 7104 42 70 is
984 7105 60 70 de
1064 7105 538 72 afhalingscommissie
1630 7107 258 71 vergezeld
1906 7109 96 70 van
2026 7109 88 70 een
2136 7110 314 71 deskundige
2468 7111 122 70 voor
2610 7112 154 70 kunst
2768 7112 10 70 .

549 7214 97 65 Tot
681 7215 141 66 cijfer
857 7217 33 64 4
893 7218 11 64 .

744 7292 170 72 Onder
948 7292 14 72 «
990 7292 234 73 moeilijk
1244 7293 50 73 te
1314 7294 266 73 vervoeren
1602 7295 320 73 voorwerpen
1928 7296 10 72 ,
1958 7296 158 73 welke
2140 7297 88 72 aan
2250 7297 60 72 de
2346 7298 312 73 aangeduide
2680 7299 160 73 plaats
2858 7300 50 72 te
2936 7300 198 73 leveren
3154 7301 108 72 niet

761 7370 276 72 doelmatig
1056 7372 54 71 of
1124 7372 121 72 voor
1264 7373 60 71 de
1345 7374 236 72 bezitters
1599 7375 315 74 onmogelijk
1933 7378 42 71 is
2004 7378 13 71 »
2029 7378 11 71 ,
2079 7379 102 71 zijn
2201 7380 54 71 er
2279 7380 320 73 voorwerpen
2635 7383 253 72 begrepen
2893 7384 11 71 ,
2926 7385 159 72 welke
3111 7386 149 72 enkel

761 7448 135 69 meer
919 7450 99 69 dan
1037 7451 67 69 50
1121 7453 133 69 kilos
1271 7455 173 70 wegen
1446 7457 11 68 .

3692 5654 136 82 Voor
3864 5654 88 82 het
3976 5654 310 82 inschrijven
4320 5654 71 82 bij
4416 5654 62 82 de
4498 5654 274 82 aflevering
4790 5654 124 82 door
4938 5654 62 82 de
5026 5654 258 82 gemeente
5322 5654 142 82 dient
5484 5654 60 82 de
5579 5654 71 82 bij
5661 5654 238 82 volgende
5912 5654 108 82 lijst
6056 5654 98 82 van
6180 5654 60 82 de
6266 5654 160 82 welke

3487 5733 105 69 vier
3606 5733 155 70 stuks
3786 5734 375 70 tegelijkertijd
4181 5735 92 70 aan
4293 5736 62 69 de
4380 5736 260 70 gemeente
4661 5737 203 70 worden
4890 5738 363 71 overgemaakt
5242 5740 18 69 .

3690 5808 76 72 De
3792 5808 546 74 afhalingscommissie
4358 5810 74 73 zal
4454 5811 262 73 vergezeld
4740 5812 98 72 zijn
4870 5813 90 72 van
4982 5813 86 72 een
5108 5814 314 73 deskundige
5448 5815 120 73 voor
5586 5816 156 72 kunst
5762 5816 62 73 en
5858 5817 90 72 een
5974 5817 314 74 deskundige
6306 5819 122 72 voor

3486 5892 182 76 metaal
3674 5892 10 76 ,
3706 5892 80 76 die
3808 5892 60 76 de
3888 5892 270 76 afgegeven
4186 5892 320 76 voorwerpen
4536 5892 200 76 volgens
4774 5892 62 76 de
4864 5892 362 76 bovenstaande
5262 5892 222 76 groepen
5522 5892 372 76 rangschikken
5898 5892 12 76 .
5932 5892 204 76 Daarop
6162 5892 138 76 heeft
6340 5892 88 76 het

3484 5972 220 74 afwegen
3740 5972 62 74 en
3828 5972 62 74 de
3918 5972 252 74 dadelijke
4200 5972 224 74 betaling
4462 5972 92 74 aan
4580 5972 88 74 een
4712 5972 518 74 vertegenwoordiger
5268 5972 88 74 der
5392 5972 426 74 gemeenteplaats
5828 5972 6 74 ,
5862 5972 80 74 die
5970 5972 88 74 het
6088 5972 142 74 recht
6266 5972 143 74 heeft
6405 5972 17 74 ,

3488 6050 352 82 kwijtbrieven
3878 6050 251 82 aftegeven
4134 6050 17 82 .
4198 6050 74 82 De
4298 6050 228 82 betaling
4552 6050 96 82 van
4674 6050 60 82 de
4770 6050 178 82 enkele
4986 6050 246 82 bedragen
5270 6050 92 82 aan
5400 6050 58 82 de
5496 6050 176 82 enkele
5710 6050 414 82 gemeenteleden
6160 6050 260 82 geschiedt

3488 6128 204 72 volgens
3726 6128 336 72 voornoemde
4098 6128 166 72 lijsten
4270 6128 18 72 .

3690 6208 548 80 Rekwisitiegoederen
4276 6208 104 80 zijn
4408 6208 90 80 van
4540 6208 382 80 koopgoederen
4950 6208 348 80 aftezonderen
5324 6208 62 80 en
5412 6208 64 80 op
5498 6208 204 80 apaarte
5728 6208 176 80 lijsten
5928 6208 52 80 te
6014 6208 224 80 brengen
6246 6208 12 80 ,
6286 6208 138 80 maar

3486 6288 202 70 worden
3730 6288 116 70 voor
3884 6288 10 70 '
3896 6288 22 70 t
3956 6288 198 70 overige
4192 6288 162 70 gelijk
4392 6288 60 70 de
4490 6288 386 70 koopgoederen
4916 6288 208 70 aanzien

3690 6362 220 74 Volgens
3934 6362 116 75 deze
4076 6363 174 75 lijsten
4282 6364 202 74 worden
4512 6365 92 74 van
4642 6365 60 74 de
4740 6365 282 75 commissie
5062 6367 122 74 bons
5222 6367 386 76 uitgevaardigd
5648 6369 80 74 die
5766 6369 62 74 na
5864 6370 172 74 hunne
6070 6370 348 76 goedkeuring

3486 6444 124 80 door
3630 6444 60 80 de
3710 6444 444 80 Kommandantur
4174 6444 98 80 den
4290 6444 96 80 dag
4406 6444 88 80 der
4522 6444 232 80 afhaling
4782 6444 90 80 aan
4900 6444 60 80 de
4988 6444 318 80 verschillige
5326 6444 294 80 afleveraars
5640 6444 58 80 of
5710 6444 176 80 indien
5906 6444 116 80 deze
6042 6444 108 80 niet
6170 6444 250 80 aanwezig

3484 6524 106 74 zijn
3626 6524 90 74 aan
3754 6524 60 74 de
3858 6524 520 74 vertegenwoordiger
4422 6524 94 74 van
4554 6524 60 74 de
4658 6524 260 74 gemeente
4956 6524 146 74 tegen
5140 6524 334 74 kwijtschrift
5514 6524 208 74 worden
5760 6524 334 74 overhandigt
6100 6524 12 74 .

3690 6604 576 72 Rekwiesitiegoederen
4290 6604 106 72 zijn
4422 6604 170 72 vooral
4618 6604 320 72 voorwerpen
4972 6604 82 72 die
5090 6604 80 72 uit
5208 6604 224 72 verlaten
5468 6604 184 72 huizen
5676 6604 336 72 voortkomen
6048 6604 54 72 of
6132 6604 286 72 afgeleverd

3482 6673 203 70 worden
3725 6677 187 68 zonder
3947 6679 91 67 een
4075 6681 227 68 betaling
4335 6684 53 67 te
4423 6685 177 68 vragen
4615 6688 14 66 .

3692 6758 74 74 De
3792 6758 260 74 gemeente
4072 6758 138 74 heeft
4228 6758 78 74 ter
4324 6758 340 74 beschikking
4690 6758 86 74 der
4802 6758 550 74 aankoopskommissie
5374 6758 48 74 te
5450 6758 180 74 stellen
5652 6758 14 74 :

3690 6890 22 82 a
3721 6890 18 82 )
3758 6890 90 82 een
3868 6890 148 82 groot
4042 6890 200 82 vertrek
4262 6890 88 82 dat
4376 6890 120 82 voor
4514 6890 10 82 '
4528 6890 20 82 t
4568 6890 232 82 taxeeren
4820 6890 62 82 en
4908 6890 172 82 wegen
5100 6890 232 82 geschikt
5366 6890 62 82 en
5466 6890 104 82 met
5604 6890 128 82 licht
5768 6890 62 82 en
5863 6890 555 82 verwarmingstoestel

3910 6976 82 62 len
4016 6976 232 62 voorzien
4266 6976 44 62 is
4314 6976 12 62 .

3700 7108 30 74 b
3734 7108 18 74 )
3778 7108 30 74 2
3834 7108 238 75 balanzen
4096 7110 62 74 en
4184 7110 60 74 de
4264 7110 216 75 roodige
4500 7111 282 76 gewichten
4788 7113 10 74 ,

3676 7244 24 76 c
3704 7244 16 76 )
3740 7244 90 76 een
3850 7244 520 78 vertegenwoordiger
4388 7246 90 77 der
4496 7247 260 77 gemeente
4782 7248 86 76 het
4892 7249 146 76 recht
5056 7249 260 77 hebbende
5342 7250 64 76 op
5424 7251 90 76 het
5542 7251 396 78 gemeentezegel
5960 7253 62 76 en
6042 7253 370 78 kwijtbrieven

3678 7252 20 68 c

3907 7326 43 57 te
3969 7327 246 63 teekenen
4218 7333 14 57 .

3692 7464 32 70 d
3726 7464 16 70 )
3768 7464 92 70 een
3878 7464 334 70 politieagent

4596 7570 150 146 De
4800 7570 1314 146 Etappenkommandant
6120 7570 24 146 .

339 7600 37 72 È
389 7600 16 72 .
423 7600 76 73 H.
529 7601 57 73 O.
591 7602 13 72 ,
631 7602 89 73 den
745 7603 31 72 5
795 7603 267 75 September
1089 7606 127 73 1916
1219 7607 9 72 .

795 7714 181 109 Der
1015 7715 585 112 Beauftragte
1637 7719 153 109 des
1829 7721 979 114 Kriegsministeriums

1387 7836 137 85 bei
1563 7837 161 86 der
1763 7840 84 85 4.
1891 7841 325 87 Armee
2226 7844 9 84 .

339 8104 1601 99 ETAPPENKOMMANDANTUR
1999 8115 313 90 GENT
2323 8117 9 88 .

1048 8226 78 80 J.
1164 8226 74 80 N
1248 8226 22 80 °
1303 8227 257 80 6566

3703 7880 132 137 N.
3895 7881 108 137 B.
4059 7882 249 137 Van
4347 7884 365 137 heden
4755 7886 129 137 af
4915 7887 405 138 mogen
5371 7890 137 137 de
5559 7891 577 141 inwoners
6171 7895 225 137 van

3487 8048 642 149 Merelbeke
4138 8054 19 142 ,
4297 8056 873 151 bovengemelde
5320 8066 737 150 voorwerpen
6211 8084 186 96 ten

3469 8243 990 140 gemeentenhuize
4592 8239 543 138 afleveren
5153 8238 33 135 ,
5319 8237 155 135 tot

5319 8240 157 137 tot
5615 8242 493 141 Dinsdag
6239 8248 153 138 27

3484 8420 536 128 Februari
4088 8420 308 128 1917
4408 8420 20 128 ,
4480 8420 72 128 6
4608 8420 200 128 ure
4860 8420 20 128 '
4884 8420 52 128 s
4988 8420 428 128 avonds
5424 8420 20 128 .

2391 8335 145 64 Gent
2526 8335 17 64 ,
2563 8334 92 65 den
2685 8334 56 64 18
2767 8333 246 65 Februari
3041 8332 128 65 1917
3175 8332 8 64 .

880 8480 244 108 Aan
1180 8481 136 108 de
1372 8482 588 110 Gemeente
2024 8485 652 110 Merelbeke
2684 8488 20 108 .

539 8651 114 70 Den
688 8652 31 70 2
755 8652 166 71 Maart
949 8654 127 71 1917
1093 8655 76 70 zal
1194 8656 113 70 men
1344 8657 104 71 met
1466 8658 88 71 het
1576 8659 54 70 af
1630 8659 147 71 halen
1803 8661 89 70 der
1910 8662 56 70 in
1988 8662 172 71 beslag
2201 8664 247 72 genomen
2471 8666 391 73 huishoudings-
2882 8669 63 71 en
2995 8670 257 73 gebruiks

336 8736 322 74 voorwerpen
684 8736 92 74 van
802 8736 232 74 KOPER
1038 8736 10 74 ,
1070 8736 268 74 NIKKEL
1358 8736 62 74 en
1444 8736 120 74 TIN
1588 8736 252 74 beginnen
1844 8736 10 74 .

540 8808 76 72 De
652 8808 258 75 gemeente
952 8810 136 73 heeft
1122 8812 78 72 tot
1244 8812 24 72 1
1312 8813 164 73 Maart
1522 8814 128 73 1917
1692 8815 96 73 alle
1832 8816 218 74 metalen
2094 8818 316 74 voorwerpen
2418 8820 10 72 ,
2478 8821 82 72 die
2598 8821 94 73 van
2734 8822 62 73 de
2832 8823 416 75 gemeenteleden

4832 8732 171 70 Drukk
5014 8732 13 70 .
5122 8732 52 70 St
5165 8732 21 70 -
5203 8732 232 70 Antonius
5459 8732 21 70 )
5487 8732 21 70 ,
5534 8732 92 70 Jos
5630 8732 13 70 .
5680 8732 266 70 Dooreman
5966 8732 15 70 -
6001 8732 248 70 Volckaert
6237 8732 15 70 .
