6893 9149
1032 408 4744 296 VERORDENING
5800 408 96 296 .

607 724 347 137 Nadat
989 725 245 137 door
1281 726 679 138 verordening
1991 729 203 136 van
2247 730 137 136 29
2435 730 207 137 Mei
2681 731 261 137 1916
2991 732 125 137 de
3161 733 825 139 voortbrengsels
4031 736 179 137 des
4255 737 289 137 oogst
4587 738 199 137 van
4823 739 153 137 dit
4999 740 243 137 jaar
5273 741 111 136 in
5427 741 863 139 beslaggenomen
6321 744 191 138 zijn
6521 746 34 136 ,

363 862 337 121 wordt
739 861 117 120 er
895 859 245 121 voor
1183 858 177 121 het
1407 854 634 123 legergebied
2044 854 33 120 ,
2127 850 625 123 betreffende
2803 849 205 120 den

1208 1008 1040 344 OOGST
2464 1008 648 344 VAN
3328 1008 2400 344 OLIEVRUCHTEN

6233 1204 177 128 1004

364 1386 108 128 in
502 1386 38 128 '
540 1386 38 128 t
609 1386 510 128 bijzonder
1129 1386 38 128 ,
1196 1386 454 128 bestemd
1694 1386 152 128 als
1888 1386 286 128 volgt
2220 1386 18 128 :

608 1572 48 88 1
666 1572 17 87 .
988 1548 212 136 Het
1260 1548 532 136 inoogsten
1860 1548 200 136 van
2124 1548 486 136 koolzaad
2614 1548 30 136 ,
2712 1548 510 136 raapzaad
3219 1548 33 136 ,
3328 1548 436 136 hederik
3840 1548 52 136 (
3900 1548 792 136 maagdenpalm
4700 1548 48 136 )
4756 1548 20 136 ,
4852 1548 411 136 ravison
5274 1548 27 136 ,
5392 1548 468 136 slaapbol
5928 1548 20 136 (
5952 1548 520 136 maankop
6476 1548 52 136 )
6532 1548 24 136 ,

359 1682 404 125 hennep
811 1682 124 124 en
971 1678 788 127 zonnebloemen
1807 1678 84 124 is
1931 1676 500 125 verboden
2447 1675 16 124 ,
2511 1674 244 125 voor
2787 1674 184 124 dat
3015 1673 176 124 het
3235 1672 252 124 zaad
3531 1669 568 126 heelemaal
4148 1668 199 125 rijp
4392 1668 77 124 is
4471 1668 30 124 .

604 1790 152 136 Op
792 1790 174 136 het
1012 1790 530 136 inoogsten
1582 1790 274 136 moet
1900 1790 708 136 onmiddellijk
2640 1790 180 136 het
2864 1790 658 136 uitdorschen
3566 1790 112 136 of
3710 1790 548 136 uitwinnen
4317 1790 174 136 der
4532 1790 516 136 vruchten
5084 1790 128 136 op
5258 1790 390 136 andere
5686 1790 286 136 wijze
6012 1790 372 136 volgen
6392 1790 16 136 .

606 1978 64 91 2
682 1982 20 89 .

910 1960 144 140 De
1100 1960 314 140 onder
1457 1960 282 140 cijfer
1791 1960 43 140 1
1882 1960 556 140 genoemde
2484 1960 517 140 oliezaden
3040 1960 408 140 moeten
3486 1960 359 140 geheel
3882 1960 134 140 en
4055 1960 101 140 al
4206 1960 106 140 —
4352 1960 160 140 die
4582 1960 200 140 van
4828 1960 258 140 eene
5120 1960 566 140 gemeente
5716 1960 292 140 altijd
6049 1960 104 140 te
6194 1960 370 140 zamen

520 2080 316 132 onder
868 2080 580 132 bijvoeging
1492 2080 304 132 eener
1836 2080 212 132 lijst
2092 2080 172 132 der
2308 2080 516 132 leveraars
2868 2080 120 132 en
3028 2080 184 132 der
3251 2080 254 132 door
3550 2080 382 132 iederen
3992 2080 468 132 leveraar
4492 2080 540 132 geleverde
5068 2080 745 132 hoeveelheden
5827 2080 34 132 ,
5892 2080 252 132 door
6192 2080 380 132 bemid

356 2204 346 134 deling
734 2204 180 134 der
964 2204 498 134 burcelen
1512 2204 158 134 tot
1712 2204 594 134 exploitatie
2328 2204 206 134 van
2590 2204 192 134 den
2820 2204 554 134 landbouw
3412 2204 142 134 bij
3598 2204 122 134 de
3750 2204 1082 134 Veldintendanturen
4862 2204 206 134 der
5110 2204 746 134 legerkorpsen
5862 2204 20 134 ,
5920 2204 352 134 alsook
6314 2204 252 134 door

354 2330 692 120 bemiddeling
1122 2330 180 120 der
1380 2330 270 120 Orts-
1692 2330 124 120 en
1912 2330 1454 120 Etappenkommandanturen
3441 2330 187 120 aan
3678 2330 122 120 de
3873 2330 681 120 vlasbureelen
4620 2330 104 120 te
4774 2330 526 120 KORTRIJK
5348 2330 148 120 en
5542 2330 472 120 LOKEREN
6084 2330 478 120 geleverd

356 2440 416 144 worden
780 2440 16 144 .
844 2440 408 144 Nadere
1332 2440 748 144 aanwijzingen
2100 2440 364 144 zullen
2528 2440 120 144 de
2700 2440 560 144 genoemde
3324 2440 704 144 vlasbureelen
4088 2440 252 144 door
4408 2440 124 144 de
4584 2440 472 144 Etappen
5064 2440 28 144 -
5100 2440 624 144 Inspektion
5796 2440 592 144 ontvangen
6428 2440 136 144 en

352 2568 400 104 daarna
792 2568 550 104 verzenden
1358 2568 26 104 .

609 2682 216 136 Alle
859 2682 306 136 onder
1220 2682 284 136 cijfer
1542 2682 48 136 1
1634 2682 562 136 genoemde
2240 2682 706 136 olievruchten
2966 2682 432 136 moeten
3440 2682 158 136 tot
3644 2682 196 136 den
3890 2682 142 136 30
4082 2682 602 136 September
4728 2682 262 136 1916
5028 2682 488 136 geleverd
5550 2682 416 136 worden
5976 2682 16 136 .

604 2848 92 136 3.
740 2848 104 136 —
892 2848 276 136 Voor
1200 2848 120 136 de
1368 2848 464 136 levering
1876 2848 176 136 der
2088 2848 708 136 olievruchten
2840 2848 408 136 worden
3304 2848 120 136 de
3468 2848 500 136 volgende
4012 2848 424 136 hoogste
4480 2848 392 136 prijzen
4916 2848 448 136 bepaald
5404 2848 16 136 :

1804 3028 520 124 Koolzaad
2364 3028 26 124 (
2392 3028 378 124 zomer-
2818 3028 126 124 en
2986 3028 612 124 winterzaad
3603 3028 35 124 )
3684 3028 310 124 frank
4046 3028 330 124 75,00
4412 3028 124 124 de
4586 3028 200 124 100
4834 3028 270 124 kilos
5110 3028 18 124 .

1790 3151 570 129 Raapzaad
2397 3151 53 126 (
2451 3149 381 128 zomer-
2879 3149 129 126 en
3057 3146 627 128 winterzaad
3689 3145 53 126 )
3787 3144 315 127 frank
4149 3142 327 128 70,00
4511 3142 125 126 de
4673 3141 207 126 100
4917 3139 278 127 kilos
5181 3139 29 126 .

1796 3260 460 116 Hederik
2296 3260 152 116 en
2472 3260 408 116 ravison
2928 3260 312 116 frank
3280 3260 320 116 50,00
3640 3260 124 116 de
3812 3260 200 116 100
4052 3260 261 116 kilos
4314 3260 26 116 .

1795 3391 481 129 Slaapbol
2323 3391 53 124 (
2379 3385 521 129 maankop
2907 3385 17 124 )
2959 3382 313 127 frank
3327 3379 213 127 100
3579 3378 125 125 de
3751 3376 201 126 100
3991 3374 264 126 kilos
4253 3373 27 124 .

1791 3510 487 125 Lijnzaad
2323 3507 314 123 frank
2675 3503 333 124 62,50
3047 3501 125 122 de
3207 3499 203 122 100
3457 3496 267 123 kilos
3732 3496 17 120 .

1787 3633 697 126 Hennepzaad
2527 3631 97 122 fr
2632 3632 13 120 .
2699 3628 321 123 50,00
3075 3627 125 121 de
3247 3624 201 122 100
3487 3622 265 122 kilos
3760 3622 17 120 .

1793 3755 818 114 Zonnebloemen
2645 3753 312 113 frank
3007 3752 328 113 56,00
3375 3751 120 112 de
3537 3750 198 113 100
3773 3749 264 113 kilos
4045 3749 16 112 .

592 3908 104 144 4.
740 3908 104 144 –
888 3908 216 144 Met
1144 3908 176 144 ten
1384 3908 424 144 hoogste
1824 3908 68 144 3
1964 3908 240 144 jaar
2248 3908 628 144 gevangenis
2920 3908 128 144 en
3102 3908 225 144 met
3360 3908 532 144 geldboete
3964 3908 160 144 tot
4204 3908 408 144 30,000
4664 3908 308 144 mark
5044 3908 116 144 of
5192 3908 212 144 met
5468 3908 244 144 eene
5756 3908 300 144 dezer
6128 3908 432 144 straffen

343 4054 341 121 wordt
727 4052 430 122 gestraft
1158 4052 34 120 ,
1227 4051 197 121 wie
1455 4051 125 120 de
1623 4047 817 124 bestemmingen
2483 4045 301 121 dezer
2815 4042 689 124 verordening
3552 4039 601 123 overtreedt
4149 4039 23 120 .

603 4156 158 144 De
786 4156 533 144 voorraden
1351 4156 43 144 ,
1400 4156 156 144 tot
1598 4156 332 144 welke
1962 4156 126 144 de
2132 4156 660 144 overtreding
2824 4156 664 144 betrekking
3498 4156 279 144 heeft
3763 4156 38 144 ,
3826 4156 350 144 zullen
4234 4156 412 144 worden
4694 4156 514 144 verbeurd
5252 4156 556 144 verklaard
5818 4156 18 144 .

577 4299 229 122 Zijn
847 4296 453 124 bevoegd
1343 4295 125 122 de
1499 4292 471 125 duitsche
2015 4290 491 124 militaire
2549 4286 719 125 rechtbanken
3303 4285 127 122 en
3475 4282 495 124 militaire
4003 4279 491 124 besturen
4501 4279 21 122 .

588 4464 68 104 5
668 4464 20 104 .
892 4436 184 156 Als
1108 4436 484 156 zaaigoed
1624 4436 248 156 voor
1908 4436 180 156 het
2116 4436 500 156 volgende
2663 4436 218 156 jaar
2904 4436 333 156 zullen
3288 4436 380 156 bijtijds
3700 4436 128 156 de
3860 4436 320 156 onder
4208 4436 288 156 cijfer
4528 4436 52 156 1
4616 4436 564 156 genoemde
5228 4436 524 156 oliezaden
5760 4436 20 156 ,
5824 4436 736 156 inzonderheid

343 4584 609 136 gezuiverde
995 4582 436 134 lijnzaad
1433 4582 37 132 ,
1503 4581 169 133 ter
1712 4577 692 136 beschikking
2443 4576 185 133 der
2640 4572 768 136 landbouwers
3427 4570 401 134 gesteld
3868 4568 409 134 worden
4297 4568 32 132 .

583 4754 122 125 A.
743 4752 278 126 H.Q.
1032 4752 21 124 ,
1095 4751 197 125 den
1331 4750 61 124 3
1443 4746 537 127 Augustus
2023 4744 265 125 1916
2300 4743 21 124 .

3054 4742 204 144 Der
3300 4742 859 144 Oberbefehlshaber
4141 4742 39 144 ,
4230 4742 418 144 Herzog
4688 4742 532 144 ALBRECHT
5258 4742 206 144 VON
5499 4742 784 144 WÜRTTEMBERG
6305 4742 25 144 .

1072 5032 4640 304 VERORDENING
5744 5032 88 304 .

352 5352 776 176 betreffende
1192 5352 152 176 de
1408 5352 656 176 wijziging
2120 5352 832 176 toegebracht
3016 5352 256 176 aan
3336 5352 520 176 artikels
3936 5352 64 176 3
4072 5352 152 176 en
4312 5352 80 176 9
4464 5352 224 176 der
4776 5352 648 176 belgische
5528 5352 672 176 grondwet
6296 5352 264 176 van

1600 5504 224 180 15
1852 5504 300 180 Jani
2216 5504 356 180 1914
2632 5504 180 180 tot
2868 5504 588 180 regeling
3516 5504 256 180 van
3832 5504 212 180 het
4100 5504 364 180 lager
4524 5504 706 180 onderwijs
5207 5504 50 180 .

587 5728 462 131 Artikels
1097 5728 62 130 8
1207 5727 128 130 en
1371 5727 68 130 9
1489 5726 180 130 der
1717 5724 252 131 Wet
2013 5724 202 130 van
2265 5723 122 130 15
2435 5722 254 131 Juni
2737 5721 266 131 1914
3045 5720 158 130 tot
3265 5718 439 132 regeling
3757 5717 200 131 van
4001 5716 178 131 het
4223 5715 290 131 lager
4557 5713 554 132 onderwijs
5157 5711 412 132 worden
5611 5710 246 131 door
5893 5710 122 130 de
6047 5708 508 131 volgende

347 5848 617 132 bepalingen
1011 5853 589 132 vervangen
1647 5858 21 128 :

588 6020 408 101 Artikel
1064 6021 64 100 8
1140 6022 20 100 .
1423 6017 124 130 In
1587 6017 120 130 de
1751 6015 386 131 tweede
2201 6014 256 130 helft
2521 6013 182 130 der
2783 6011 378 131 maand
3231 6009 533 132 Augustus
3754 6009 33 130 ,
3837 6007 348 131 wordt
4257 6006 250 131 door
4575 6005 124 130 de
4769 6001 1024 134 gemeentebesturen
5839 6000 198 131 den
6109 5998 440 132 kanton

345 6144 315 137 nalen
725 6142 475 138 opziener
1269 6141 127 136 de
1467 6139 211 137 lijst
1759 6138 185 137 der
2019 6134 837 140 schoolplichtige
2935 6131 517 138 kinderen
3513 6127 703 140 overhandigd
4225 6127 19 136 .
4327 6126 211 137 Het
4632 6125 157 136 tot
4838 6122 399 139 hiertoe
5291 6118 875 140 voorgeschreven
6213 6116 337 138 model

347 6248 337 127 wordt
726 6251 390 129 hiertoe
1159 6256 631 131 aangewend
1787 6262 34 124 .

587 6375 124 136 In
755 6375 120 136 de
927 6373 324 137 eerste
1328 6372 252 137 helft
1639 6371 204 137 van
1923 6369 596 138 September
2595 6367 340 137 wordt
2999 6367 108 136 in
3183 6365 228 137 elke
3483 6363 536 138 gemeente
4023 6363 16 136 ,
4115 6362 248 137 door
4439 6361 124 136 de
4639 6357 1006 140 gemeenteoverheid
5658 6357 34 136 ,
5739 6356 188 137 een
5999 6355 264 137 door
6347 6354 196 136 den

347 6501 580 130 bevoegden
971 6499 708 130 kantonnalen
1723 6497 473 129 opziener
2267 6493 896 131 onderteekenden
3239 6491 376 130 oproep
3687 6489 632 130 aangeplakt
4331 6489 16 128 ,
4399 6487 401 129 waarin
4875 6486 120 128 de
5051 6482 796 132 gezinshoofden
5923 6482 200 129 aan
6167 6481 124 129 de
6335 6481 212 128 ver

345 6617 639 134 plichtingen
1027 6616 217 133 hun
1278 6613 559 135 krachtens
1879 6613 123 132 de
2049 6612 203 133 wet
2285 6610 497 134 opgelegd
2857 6609 129 132 en
3059 6608 131 133 op
3233 6608 128 132 de
3405 6605 477 134 gevolgen
3914 6605 40 132 ,
3978 6604 332 133 welke
4385 6603 177 132 het
4639 6602 215 132 niet
4929 6600 440 133 naleven
5443 6598 321 133 ervan
5841 6595 671 134 medebrengt
6519 6595 21 132 ,

346 6720 552 154 herinnerd
945 6720 398 154 worden
1362 6720 46 154 .
1459 6720 177 154 Dit
1662 6720 434 154 bericht
2170 6720 536 154 vermeldt
2746 6720 729 154 uitdrukkelijk
3489 6720 46 154 ,
3584 6720 192 154 dat
3840 6720 176 154 het
4058 6720 662 154 gezinshoofd
4748 6720 204 154 vrij
5012 6720 86 154 is
5144 6720 262 154 zijne
5454 6720 510 154 kinderen
6004 6720 118 154 te
6156 6720 392 154 zenden

348 6842 258 144 naar
650 6842 122 144 de
816 6842 338 144 school
1198 6842 330 144 welke
1572 6842 136 144 hij
1762 6842 456 144 verkiest
2262 6842 130 144 en
2443 6842 184 144 dat
2660 6842 178 144 het
2889 6842 500 144 verboden
3447 6842 80 144 is
3558 6842 430 144 eenigen
4036 6842 380 144 dwang
4484 6842 126 144 op
4656 6842 240 144 hem
4914 6842 206 144 uit
5190 6842 104 144 te
5360 6842 393 144 oefenen
5780 6842 28 144 ,
5860 6842 170 144 om
6074 6842 238 144 hem
6356 6842 188 144 een

344 6972 340 140 school
728 6972 128 140 op
900 6972 100 140 te
1041 6972 419 140 dringen
1485 6972 42 140 ,
1540 6972 328 140 welke
1900 6972 216 140 niet
2160 6972 124 140 de
2328 6972 340 140 school
2712 6972 320 140 zijner
3076 6972 340 140 keuze
3448 6972 348 140 mocht
3840 6972 187 140 zijn
4023 6972 38 140 .

587 7099 149 140 De
775 7098 157 141 tot
972 7096 392 142 hiertoe
1435 7094 537 142 voorziene
2036 7089 908 145 onderrichtingen
3019 7089 129 141 en
3224 7084 948 145 meldingskaarten
4219 7083 421 142 worden
4711 7082 217 141 niet
4975 7079 560 143 verzonden
5554 7079 27 140 .
5607 7078 225 141 Ter
5883 7076 661 142 vervanging

348 7196 464 152 daarvan
852 7196 388 152 zenden
1284 7196 120 152 de
1440 7196 780 152 schoolhoofden
2264 7196 196 152 den
2508 7196 712 152 kantonnalen
3264 7196 472 152 opziener
3712 7196 45 152 ,
3824 7196 240 152 acht
4128 7196 336 152 dagen
4532 7196 144 152 na
4724 7196 176 152 het
4944 7196 592 152 heropenen
5580 7196 180 152 der
5814 7196 407 152 klassen
6233 7196 45 152 ,
6296 7196 244 152 eene

350 7334 210 128 lijst
602 7334 164 128 toe
814 7334 210 128 met
1058 7334 122 128 de
1216 7334 378 128 namen
1642 7334 180 128 der
1866 7334 502 128 kinderen
2408 7334 328 128 welke
2782 7334 104 128 in
2932 7334 352 128 hunne
3330 7334 338 128 school
3714 7334 414 128 werden
4174 7334 742 128 ingeschreven
4928 7334 14 128 .

587 7514 409 96 Artikel
1061 7517 63 94 9
1134 7517 13 94 .
1407 7507 145 132 De
1591 7502 762 137 gezinshoofden
2367 7503 33 132 ,
2459 7501 333 133 welke
2855 7498 385 134 binnen
3315 7497 121 133 de
3511 7496 241 133 acht
3791 7494 341 133 dagen
4207 7493 137 132 na
4419 7491 177 133 het
4663 7488 593 135 heropenen
5343 7487 173 132 der
5579 7482 953 136 gemeentescholen

349 7633 407 132 hunner
801 7630 627 133 woonplaats
1435 7629 17 130 ,
1499 7628 217 131 hun
1761 7625 501 132 kinderen
2307 7623 215 131 niet
2597 7623 107 130 in
2781 7621 247 131 eene
3071 7617 569 133 gemeente-
3651 7617 17 130 ,
3713 7613 705 133 aangenomen
4469 7612 101 130 of
4609 7607 763 134 aanneembare
5424 7605 338 132 school
5807 7603 399 132 hebben
6249 7601 283 131 laten

349 7750 601 138 inschrijven
955 7750 40 134 ,
1039 7748 295 136 ofwel
1377 7747 199 135 den
1619 7743 707 138 kantonnalen
2389 7740 473 136 opziener
2936 7738 219 135 niet
3229 7736 395 136 hebben
3669 7734 309 136 laten
3997 7732 335 136 weten
4339 7732 17 134 ,
4405 7730 289 136 waar
4735 7729 121 135 zij
4909 7727 355 136 hunne
5313 7724 503 137 kinderen
5859 7723 281 135 laten
6185 7721 351 135 onder

351 7866 347 133 wijzen
700 7866 36 132 ,
783 7865 416 133 worden
1243 7863 244 133 door
1531 7862 308 133 dezen
1887 7860 480 134 verzocht
2371 7860 20 132 ,
2456 7858 391 134 binnen
2915 7857 240 133 acht
3199 7856 336 133 dagen
3579 7855 176 132 het
3803 7853 348 133 bewijs
4195 7853 108 132 in
4343 7852 108 132 te
4496 7850 393 134 leveren
4901 7850 34 132 ,
4991 7849 172 133 dat
5199 7849 120 132 zij
5379 7848 124 133 de
5547 7846 692 134 verplichting
6247 7845 16 132 ,
6315 7844 216 133 hun

347 7989 557 134 krachtens
947 7987 381 134 artikel
1375 7987 49 132 1
1471 7986 181 133 der
1695 7985 201 133 wet
1927 7983 497 134 opgelegd
2435 7983 21 132 ,
2495 7980 649 135 nagekomen
3183 7979 401 133 hebben
3595 7978 13 132 .
3687 7977 149 133 De
3879 7975 633 134 kantonnale
4559 7973 473 133 opziener
5079 7971 313 133 zendt
5435 7970 241 133 deze
5715 7968 569 134 verzoeken
6327 7967 205 132 aan

351 8107 177 136 het
559 8105 509 138 bevoegde
1104 8100 952 141 gemeentebestuur
2080 8101 37 136 ,
2128 8100 249 137 door
2411 8098 453 137 hetwelk
2907 8097 121 136 zij
3083 8096 201 137 aan
3327 8096 125 136 de
3495 8092 789 139 gezinshoofden
4327 8091 329 137 tegen
4671 8090 189 137 een
4911 8089 213 137 met
5187 8088 121 137 de
5375 8085 841 139 handtekening
6261 8084 249 136 voor

351 8227 225 132 zien
647 8222 914 136 ontvangstbewijs
1635 8220 337 133 zullen
2043 8216 705 136 overhandigd
2830 8213 408 135 worden
3259 8214 40 132 .
3359 8211 387 134 Wordt
3727 8211 37 132 ,
3831 8210 137 133 na
4039 8209 177 133 het
4291 8207 457 134 bewuste
4823 8205 353 133 uitstel
5191 8204 17 132 ,
5259 8203 213 133 niet
5551 8200 669 135 geantwoord
6227 8199 21 132 ,
6311 8198 217 133 dan

351 8345 369 139 klaagt
759 8345 125 137 de
932 8342 628 139 kantonnale
1619 8340 469 138 opziener
2163 8339 121 137 de
2359 8339 109 136 in
2531 8336 449 138 gebreke
3055 8334 497 138 gebleven
3646 8330 759 139 gezinshoofden
4430 8330 41 136 ,
4523 8328 409 137 wegens
5011 8324 737 139 tekortkomen
5827 8323 205 137 aan
6103 8322 125 136 de
6307 8321 221 136 hun

352 8456 556 136 krachtens
940 8456 380 136 artikel
1360 8456 48 136 1
1444 8456 552 136 opgelegde
2040 8456 682 136 verplichting
2713 8456 39 136 ,
2800 8456 132 136 bij
2984 8456 200 136 den
3236 8456 708 136 vrederechter
3989 8456 193 136 aan
4198 8456 22 136 .

596 8632 120 120 A.
760 8632 120 121 H.
924 8633 108 120 Q.
1040 8633 20 120 ,
1108 8633 196 121 den
1348 8634 64 120 6
1464 8635 528 122 Augustus
2040 8637 256 121 1916
2312 8638 16 120 .

3037 8624 201 133 Der
3293 8619 854 137 Oberbefehlshaber
4139 8619 33 132 ,
4215 8616 411 134 Herzog
4659 8613 523 134 ALBRECHT
5225 8611 197 133 VON
5465 8606 789 137 WÜRTTEMBERG
6259 8606 21 132 .

470 8832 208 76 Drukk
684 8832 12 76 .
738 8832 84 76 St.
834 8832 318 76 Antonius
1156 8832 14 76 ,
1210 8832 104 76 Jos
1316 8832 12 76 .
1372 8832 322 76 Dooreman
1714 8832 16 76 -
1741 8832 302 76 Volckaert
2045 8832 16 76 .
