6078 8770
576 400 4822 352 VERORDENING
5414 400 26 352 .

5111 1662 223 124 nosu

878 2649 34 70 -

1659 3344 101 85 bij
1790 3351 209 93 rogge

2151 3345 48 84 8
2223 3353 151 95 P.C.

2322 3360 28 72 c

4060 3356 44 81 3
4144 3363 50 81 p
4197 3367 16 79 .
4243 3370 40 80 c
4283 3374 20 79 .

1696 3463 20 32 >

3389 3462 81 43 en

4226 3476 19 31 >

1698 3551 20 32 D

2304 3554 21 30 >

2271 3903 18 30 >

4081 3913 20 27 >

708 772 144 160 Ik
908 772 208 160 hef
1148 772 140 160 de
1346 772 755 160 verordening
2162 772 205 160 van
2452 772 152 160 15
2656 772 284 160 Juni
2996 772 700 160 betreffende
3732 772 144 160 de
3928 772 784 160 behandeling
4760 772 196 160 des
5004 772 328 160 oogst

1874 922 228 136 van
2168 922 155 136 dit
2378 922 261 136 jaar
2678 922 146 136 op
2872 922 144 136 en
3066 922 444 136 bestem
3560 922 172 136 als
3780 922 326 136 volgt
4160 922 18 136 :

804 1072 52 104 1.
920 1072 68 104 -
1036 1072 180 104 Voor
1264 1072 112 104 het
1428 1072 388 104 overnemen
1868 1072 112 104 des
2024 1072 392 104 graanoogst
2471 1072 249 104 moeten
2768 1072 64 104 in
2860 1072 216 104 iedere
3124 1072 332 104 gemeente
3480 1072 444 104 oogstboeken
3956 1072 344 104 gehouden
4336 1072 255 104 worden
4596 1072 21 104 ,
4652 1072 432 104 afzonderlijk
5108 1072 156 104 voor
5288 1072 201 104 rogge
5493 1072 19 104 ,

534 1170 200 94 tarwe
740 1170 14 94 ,
792 1170 348 94 masteluin
1170 1170 24 94 (
1198 1170 198 94 rogge
1428 1170 78 94 en
1542 1170 196 94 tarwe
1742 1170 22 94 )
1772 1170 12 94 ,
1820 1170 168 94 spelt
2022 1170 80 94 en
2136 1170 196 94 haver
2338 1170 12 94 .
2386 1170 24 94 (
2419 1170 93 94 De
2546 1170 370 94 gerstoogst
2948 1170 56 94 is
3036 1170 162 94 door
3228 1170 152 94 eene
3412 1170 370 94 bijzondere
3818 1170 434 94 verordening
4284 1170 122 94 van
4444 1170 76 94 11
4544 1170 144 94 Juli
4720 1170 166 94 1916
4910 1170 297 94 geregeld
5220 1170 27 94 .
5235 1170 27 94 )

800 1252 80 92 In
912 1252 148 92 deze
1096 1252 248 92 boeken
1352 1252 12 92 ,
1416 1252 204 92 welke
1644 1252 188 92 tegen
1856 1252 320 92 betaling
2200 1252 112 92 der
2344 1252 324 92 onkosten
2700 1252 160 92 door
2892 1252 80 92 de
3000 1252 676 92 landbouwafdeeling
3700 1252 116 92 der
3848 1252 283 92 Etappen
4152 1252 27 92 -
4189 1252 379 92 Inspektion
4608 1252 216 92 zullen
4868 1252 304 92 geleverd
5232 1252 251 92 worden
5490 1252 27 92 ,

534 1339 177 89 moet
743 1340 122 89 van
897 1341 218 90 iedere
1147 1342 424 91 landbouwer
1602 1345 263 90 worden
1892 1346 372 91 opgegeven
2292 1349 15 89 :

971 1436 39 81 a
1013 1437 23 80 )
1083 1432 205 83 Naam
1300 1432 15 80 ,

971 1519 36 88 b
1011 1519 24 88 )
1083 1517 416 90 oppervlakte
1539 1517 120 88 van
1691 1516 116 88 het
1835 1515 196 89 graan
2071 1514 64 88 in
2175 1513 268 89 kwestie
2479 1513 68 88 in
2587 1512 168 88 1916
2763 1511 12 88 ,

972 1604 32 88 c
1008 1604 20 88 )
1076 1604 336 88 schatting
1444 1604 120 88 van
1600 1604 128 88 den
1764 1604 188 88 oogst
1984 1604 240 88 daarop
2232 1604 12 88 ,

966 1684 29 88 d
1008 1684 27 88 )
1083 1684 177 90 getal
1291 1686 117 89 der
1439 1687 285 90 feitelijk
1759 1690 377 90 ingeoogste
2171 1693 237 89 garven
2411 1695 21 88 ,

1076 1776 422 96 oppervlakte
1530 1776 104 96 die
1666 1776 72 96 in
1770 1776 114 96 het
1914 1776 330 96 oogstjaar
2280 1776 168 96 1917
2480 1776 96 96 zal
2608 1776 256 96 besteld
2896 1776 252 96 worden
3161 1776 22 96 ,

1083 1856 424 91 hoeveelheid
1535 1859 125 89 van
1691 1860 117 89 het
1839 1861 313 90 daarvoor
2183 1864 541 91 teruggehouden
2755 1867 296 90 zaaigoed
3058 1869 26 88 ,

950 1940 53 100 g
1007 1940 25 100 )
1075 1941 429 103 hoeveelheid
1535 1944 125 101 van
1691 1946 117 100 het
1839 1947 401 103 gedorschen
2251 1950 101 101 en
2383 1951 385 103 afgeleverd
2783 1955 190 101 graan
2982 1956 23 100 .

788 2032 100 108 De
932 2032 208 108 eerste
1168 2032 384 108 inrichting
1576 2032 116 108 der
1740 2032 437 108 oogstboeken
2174 2032 27 108 ,
2252 2032 400 108 betreffende
2684 2032 27 108 a
2732 2032 27 108 -
2766 2032 27 108 b
2789 2032 27 108 ,
2848 2032 96 108 zal
2972 2032 380 108 geschieden
3388 2032 164 108 door
3588 2032 76 108 de
3704 2032 308 108 bureelen
4044 2032 104 108 tot
4168 2032 384 108 exploitatie
4588 2032 120 108 van
4748 2032 124 108 den
4908 2032 348 108 landbouw
5296 2032 93 108 bij
5440 2032 80 108 de

523 2115 942 92 Etappenkommandanturen
1473 2114 23 84 .

784 2204 218 93 Nadat
1034 2205 154 93 deze
1220 2206 254 93 boeken
1508 2207 120 93 aan
1650 2208 78 92 de
1756 2209 454 94 verscheidene
2244 2211 382 94 gemeenten
2674 2214 446 94 overhandigd
3166 2216 128 93 zijn
3298 2217 22 92 ,
3370 2217 136 93 zijn
3530 2218 78 92 de
3654 2219 520 94 burgemeesters
4206 2222 80 92 en
4340 2222 358 94 schepenen
4742 2225 208 93 alleen
4996 2226 156 93 voor
5184 2227 78 92 de
5294 2228 177 92 nauw

528 2292 268 92 keurige
832 2292 80 92 en
932 2292 208 92 juiste
1180 2292 296 92 houding
1508 2292 196 92 ervan
1736 2292 609 92 verantwoordelijk
2345 2292 27 92 .

788 2382 98 94 De
918 2382 256 95 boeken
1206 2383 214 95 zullen
1447 2384 69 94 in
1542 2384 552 96 tusschenpoozen
2130 2386 122 95 van
2284 2387 106 94 3-4
2414 2387 226 95 weken
2690 2388 154 95 voor
2868 2389 224 95 eenige
3126 2390 202 94 dagen
3380 2391 116 94 aan
3544 2391 80 95 de
3660 2392 662 96 Kommandanturen
4354 2394 260 95 moeten
4662 2395 262 95 worden
4972 2396 356 96 ingediend
5332 2398 16 94 ,
5398 2398 114 94 ten

520 2474 194 78 einde
748 2474 396 78 onderzocht
1180 2474 64 78 te
1276 2474 264 78 worden
1546 2474 16 78 .

788 2558 186 90 Soms
1006 2558 368 92 gedurende
1404 2560 194 91 dezen
1632 2561 130 90 tijd
1796 2562 64 90 te
1888 2562 250 91 boeken
2166 2563 296 91 opgiften
2496 2564 258 91 moeten
2788 2565 344 92 aanstonds
3170 2567 78 90 na
3280 2567 352 92 teruggave
3666 2569 116 90 der
3812 2569 254 91 boeken
4092 2571 466 91 ingeschreven
4588 2572 262 91 worden
4858 2574 16 90 .

788 2640 56 92 2.
880 2640 84 92 -
1000 2640 176 93 Voor
1208 2641 76 92 de
1320 2641 352 94 aflevering
1720 2643 112 93 der
1868 2644 244 93 granen
2168 2645 216 93 zullen
2432 2646 80 93 de
2553 2646 929 97 Etappenkommandanturen
3520 2651 372 93 bijzondere
3928 2653 532 94 leveringsdagen
4500 2655 152 93 voor
4688 2656 216 93 iedere
4952 2657 336 93 gemeente
5326 2658 165 93 bepa

520 2728 104 104 len
628 2728 16 104 ,
684 2728 204 104 welke
908 2728 84 104 in
1016 2728 552 104 tusschenpoozen
1604 2728 120 104 van
1755 2728 313 104 ongeveer
2108 2728 80 104 14
2212 2728 208 104 dagen
2444 2728 316 104 elkander
2788 2728 216 104 zullen
3040 2728 223 104 volgen
3267 2728 22 104 .
3336 2728 360 104 Insgelijks
3728 2728 96 104 zal
3856 2728 160 104 door
4052 2728 76 104 de
4164 2728 660 104 Kommandanturen
4852 2728 76 104 de
4952 2728 220 104 plaats
5204 2728 116 104 der
5348 2728 164 104 leve

515 2823 157 88 ring
703 2819 277 90 bepaald
1012 2815 267 90 worden
1299 2815 15 86 ,

787 2904 137 90 Het
956 2904 162 91 door
1150 2905 78 90 de
1274 2906 456 92 verscheidene
1762 2908 450 92 landbouwers
2258 2910 396 92 gedorschen
2690 2912 200 91 graan
2926 2913 174 91 moet
3132 2914 112 91 zoo
3274 2915 190 91 gauw
3496 2916 318 91 mogelijk
3838 2918 352 91 gezuiverd
4224 2919 260 91 worden
4492 2921 18 90 .
4556 2921 140 90 Het
4742 2922 56 90 is
4820 2922 498 92 uitdrukkelijk
5375 2925 104 90 ver

520 2988 208 92 boden
744 2989 12 92 ,
792 2989 228 93 groote
1055 2990 480 94 hoeveelheden
1580 2992 112 93 van
1724 2993 396 94 gedorschen
2152 2995 200 93 graan
2380 2996 436 94 ongezuiverd
2852 2998 80 92 op
2968 2999 64 92 te
3064 2999 288 93 stapelen
3360 3000 8 92 .
3412 3001 320 93 Evenmin
3776 3002 148 93 mag
3960 3003 112 92 het
4104 3004 388 93 gezuiverde
4524 3006 200 92 graan
4756 3007 264 93 worden
5068 3008 420 94 opgestapeld
5492 3010 16 92 ,

520 3076 180 88 maar
732 3076 111 89 het
876 3077 172 89 moet
1084 3078 80 88 op
1206 3078 112 89 den
1348 3079 536 90 eerstvolgenden
1912 3081 452 90 leveringsdag
2387 3083 259 89 worden
2680 3084 360 90 afgeleverd
3044 3086 24 88 .
3096 3086 140 88 Dus
3268 3087 164 88 geen
3460 3087 420 90 landbouwer
3916 3089 148 89 mag
4088 3090 200 88 graan
4300 3091 356 89 voorraden
4688 3092 459 90 terughouden
5160 3094 16 88 .

788 3173 37 65 3
834 3173 12 65 .

992 3174 100 100 AL
1122 3174 136 100 HET
1292 3174 452 100 GEDORSCHEN
1776 3174 236 100 GRAAN
2038 3174 174 100 moet
2238 3174 266 100 wor.len
2542 3174 346 100 afgeleverd
2910 3174 30 100 .
2946 3174 136 100 Het
3114 3174 54 100 is
3204 3174 318 100 nochtans
3548 3174 374 100 toegelaten
3952 3174 116 100 het
4092 3174 256 100 telkens
4374 3174 102 100 uit
4508 3174 114 100 het
4648 3174 316 100 dorschen
4990 3174 516 100 voortkomende

523 3250 375 91 afvalkoren
923 3254 199 90 terug
1145 3257 65 88 te
1233 3258 265 90 houden
1506 3261 15 88 ,
1545 3261 13 88 '
1561 3261 29 88 t
1613 3262 57 88 is
1693 3263 65 88 te
1791 3264 243 90 zeggen

3535 3352 93 81 bij
3667 3354 173 82 spelt

1794 3438 202 66 tarwe
2156 3432 36 72 3

3655 3444 356 67 masteluin
4055 3444 38 66 5

1795 3524 203 68 haver
2159 3526 39 63 3

784 3602 254 93 Verder
1086 3603 150 92 mag
1280 3604 114 92 het
1440 3604 306 94 zaaigoed
1778 3606 158 93 voor
1980 3607 78 92 de
2108 3607 394 94 bebouwing
2534 3609 116 93 der
2682 3610 234 93 akkers
2962 3611 72 92 in
3080 3612 12 92 '
3096 3612 28 92 t
3156 3612 320 93 komende
3518 3614 148 92 jaar
3698 3614 266 93 worden
3986 3616 540 94 teruggehouden
4534 3618 14 92 ,
4584 3618 10 92 '
4600 3618 26 92 t
4648 3619 54 92 is
4734 3619 66 92 te
4832 3619 242 93 zeggen
5108 3621 156 92 voor
5294 3622 218 92 iedere

520 3688 280 88 hektare
832 3688 428 88 oppervlakte
1296 3688 64 88 te
1384 3688 320 88 bestellen
1740 3688 136 88 met

1666 3799 202 76 rogge

2054 3788 124 72 160
2204 3788 172 72 kilos

3478 3794 168 84 spelt
3851 3792 127 66 250
4009 3793 175 67 kilos

1661 3880 202 63 tarwe
2047 3876 123 64 170

3468 3880 354 68 masteluin
3848 3880 132 68 170

1673 3961 199 68 haver
2062 3962 118 66 150

792 4036 96 88 De
936 4036 160 89 voor
1152 4037 156 89 1917
1368 4038 128 89 met
1532 4039 76 88 de
1648 4039 452 90 verscheidene
2140 4042 316 89 vruchten
2492 4043 64 88 te
2608 4044 312 89 bestellen
2968 4045 424 90 oppervlakte
3448 4047 224 89 alsook
3724 4049 108 88 het
3872 4049 232 89 ervoor
4144 4051 372 89 toegestaan
4560 4052 304 90 zaaigoed
4920 4054 168 89 moet
5128 4055 152 89 voor
5328 4056 184 89 ieder

525 4122 419 96 landbouwer
969 4124 163 95 door
1163 4125 125 95 den
1319 4126 487 97 burgemeester
1829 4129 71 94 in
1925 4129 113 95 het
2085 4130 357 96 oogstboek
2477 4132 263 96 worden
2789 4134 465 96 ingeschreven
3259 4137 13 94 .
3307 4137 139 95 Het
3491 4138 159 95 voor
3679 4139 309 96 zaaigoed
4035 4141 541 97 teruggehouden
4601 4144 199 95 graan
4827 4145 175 95 moet
5031 4147 73 94 in
5135 4147 379 97 bijzondere

523 4210 251 91 zakken
801 4211 249 91 gedaan
1073 4213 261 91 worden
1343 4214 15 90 ,
1393 4214 207 91 welke
1625 4216 163 90 door
1811 4217 193 91 eraan
2033 4218 363 92 geplaatste
2423 4220 271 92 briefjes
2721 4222 133 91 met
2877 4223 115 90 het
3015 4224 319 91 opschrift
3367 4225 15 90 :

796 4300 20 104 (
864 4300 48 104 ..
968 4300 168 104 kiles
1180 4300 288 104 zaaigoed
1511 4300 158 104 voor
1688 4300 56 104 ...
1764 4300 160 104 hect
1952 4300 448 104 oppervlakte
2428 4300 200 104 rogge
2656 4300 21 104 (
2688 4300 199 104 tarwe
2884 4300 21 104 ,
2928 4300 204 104 haver
3119 4300 26 104 ,
3180 4300 168 104 spelt
3352 4300 16 104 ,
3390 4300 366 104 masteluin
3768 4300 31 104 )
3800 4300 31 104 .

2886 4308 27 92 ,
3851 4313 18 92 )

526 4386 126 88 den
666 4386 250 89 inhoud
942 4387 92 89 als
1062 4388 304 89 zaaigoed
1388 4389 216 89 zullen
1628 4390 286 89 kenbaar
1942 4391 230 89 maken
2180 4392 12 88 ,
2212 4392 198 89 opdat
2434 4393 92 89 bij
2550 4394 118 88 een
2694 4394 172 89 soms
2892 4395 208 89 plaats
3118 4396 300 89 hebbend
3444 4398 166 88 later
3636 4398 366 90 onderzoek
4030 4400 100 88 dit
4144 4400 200 89 graan
4372 4401 350 90 aanstonds
4742 4403 62 88 te
4834 4403 332 89 erkennen
5192 4405 54 88 is
5254 4405 12 88 .

796 4468 80 96 Al
920 4468 112 96 het
1079 4468 260 98 overige
1388 4470 192 97 graan
1640 4471 168 97 moet
1860 4472 264 97 worden
2180 4473 348 98 afgeleverd
2539 4475 26 96 .
2624 4475 136 97 Het
2796 4476 175 97 moet
3016 4477 164 97 erbij
3224 4478 120 96 van
3372 4479 124 96 alle
3544 4479 472 98 graansoorten
4063 4482 97 96 ten
4216 4482 232 97 minste
4484 4483 120 97 n
4640 4484 216 97 vierde
4892 4485 112 97 des
5036 4486 188 96 oogst
5252 4487 96 96 tot
5388 4487 124 97 den

532 4562 76 86 15
636 4562 380 87 September
1020 4563 16 86 ,
1056 4563 126 87 het
1228 4564 248 87 tweede
1526 4565 216 87 vierde
1788 4566 102 86 tot
1938 4567 124 86 den
2104 4567 26 86 1
2186 4568 366 87 November
2556 4569 14 86 ,
2604 4569 112 87 het
2744 4570 198 86 derde
2968 4571 216 86 vierde
3218 4572 104 86 tot
3346 4572 124 86 den
3524 4573 32 86 1
3592 4573 356 87 December
3998 4574 80 87 en
4104 4575 116 86 het
4252 4575 260 87 overige
4548 4576 100 87 tot
4680 4577 128 86 den
4840 4578 78 86 31
4954 4578 360 87 December
5346 4579 166 87 1916

528 4640 304 97 geleverd
864 4641 260 97 worden
1176 4642 48 96 -
1292 4643 136 96 Het
1460 4643 196 97 graan
1688 4644 176 97 moet
1888 4645 64 96 in
1984 4645 76 97 de
2088 4646 252 97 zakken
2368 4647 116 96 van
2512 4647 116 97 het
2660 4648 452 98 legerbestuur
3132 4650 308 97 geleverd
3464 4651 264 97 worden
3732 4652 16 96 .
3800 4653 176 96 Voor
4008 4653 80 97 de
4120 4654 208 97 eerste
4355 4655 292 97 levering
4672 4656 220 97 zullen
4916 4657 80 96 de
5024 4657 380 98 gemeenten
5432 4659 80 96 de

527 4728 281 89 noodige
836 4729 248 89 zakken
1116 4731 80 88 op
1224 4731 76 89 de
1335 4732 580 91 Kommandantur
1940 4735 255 90 afhalen
2201 4737 19 88 ,
2256 4737 160 89 later
2440 4738 260 89 kunnen
2749 4739 101 89 bij
2864 4740 212 89 iedere
3104 4741 352 91 aflevering
3484 4743 76 89 de
3592 4744 152 89 voor
3772 4745 76 88 de
3876 4745 316 91 volgende
4220 4747 292 90 levering
4544 4749 284 89 noodige
4864 4751 252 89 zakken
5155 4752 352 90 ontvangen

526 4824 263 91 worden
796 4825 18 90 .
854 4825 172 90 Voor
1060 4826 78 90 de
1164 4826 410 92 ontvangene
1606 4828 80 90 en
1714 4828 402 92 afgeleverde
2150 4830 246 91 zakken
2434 4831 232 91 dienen
2702 4832 70 90 er
2804 4832 434 93 schriftelijke
3264 4835 314 91 bewijzen
3602 4836 454 92 overhandigd
4080 4838 64 90 te
4178 4838 268 91 worden
4452 4839 14 90 .

790 4912 40 68 4
838 4912 10 68 .
994 4914 97 92 Bij
1122 4914 78 92 de
1236 4914 434 94 afleveringen
1704 4916 212 93 zullen
1952 4917 78 92 de
2080 4918 384 93 gemeenten
2510 4919 114 92 het
2672 4920 136 92 hun
2842 4920 372 94 toegestaan
3248 4922 410 93 broodgraan
3694 4923 190 93 tegea
3916 4924 298 93 betaling
4238 4925 372 94 ontvangen
4620 4927 8 92 .
4676 4927 90 92 De
4800 4927 262 93 geheele
5090 4928 424 94 hoeveelheid

528 4996 156 88 voor
712 4996 124 89 den
864 4997 128 88 tijd
1020 4998 120 88 van
1176 4998 72 88 15
1276 4999 380 89 September
1692 5000 164 89 1916
1892 5001 100 89 tot
2016 5002 128 88 den
2180 5002 76 89 14
2284 5003 380 89 September
2704 5005 164 88 1917
2900 5005 312 90 bedraagt
3244 5007 84 88 44
3376 5007 168 89 kilos
3588 5008 156 89 voor
3776 5009 264 89 iederen
4068 5010 296 89 inwoner
4368 5012 12 88 .
4420 5012 92 88 De
4548 5012 388 90 gemeenten
4972 5014 256 89 moeten
5256 5015 156 89 voor
5436 5016 80 88 de

528 5084 332 89 bewaring
900 5085 112 88 van
1065 5086 137 88 hun
1236 5086 408 90 broodgraan
1676 5088 225 89 zorgen
1917 5089 15 88 .
1972 5089 88 89 De
2088 5090 516 90 burgemeesters
2636 5092 80 88 en
2752 5092 356 90 schepenen
3156 5094 132 88 zijn
3328 5095 156 88 voor
3512 5095 320 90 ordelijke
3856 5097 80 88 en
3964 5097 424 90 zorgvuldige
4416 5099 332 89 bewaring
4768 5100 196 89 orvan
5001 5101 515 91 verantwoorde

526 5170 128 90 lijk
680 5170 80 90 en
796 5171 256 91 moeten
1082 5172 110 90 het
1220 5172 417 92 beschermen
1664 5174 192 91 tegen
1892 5175 231 91 bederf
2116 5176 19 90 ,
2170 5176 269 91 diefstal
2431 5177 21 90 ,
2486 5178 166 90 vuur
2692 5178 80 91 en
2803 5179 149 90 elke
3000 5180 232 91 andere
3266 5181 234 91 schade
3532 5182 82 90 en
3648 5182 226 91 erover
3912 5183 163 91 boek
4097 5184 262 91 houden
4376 5185 27 90 ,
4424 5186 266 91 hoeveel
4713 5187 71 90 er
4810 5187 418 92 voorhanden
5254 5189 72 90 of
5344 5189 168 91 waar

526 5260 114 90 het
666 5260 320 92 gekomen
1020 5262 52 90 is
1084 5262 6 90 .
1124 5262 136 91 Van
1290 5263 192 91 dezen
1518 5264 318 92 voorraad
1862 5266 186 91 dient
2072 5267 114 90 het
2210 5268 408 91 broodgraan
2668 5270 70 90 in
2786 5270 552 93 tusschenpoozen
3372 5273 122 91 van
3530 5274 38 90 2
3602 5274 316 92 maanden
3952 5276 80 90 en
4066 5277 70 90 in
4168 5277 122 90 aan
4322 5278 150 90 deze
4524 5279 552 92 tusschenpoozen
5101 5281 411 93 beantwoor

525 5346 211 91 dende
761 5347 481 93 hoeveelheden
1269 5351 379 92 uitgedeeld
1673 5354 65 90 te
1763 5354 269 92 worden
2039 5356 9 90 .

802 5432 95 88 De
916 5432 664 91 Kommandanturen
1604 5436 216 89 zullen
1848 5437 152 89 deze
2028 5438 452 90 huishouding
2508 5440 132 89 met
2664 5441 408 90 broodgraan
3104 5443 220 89 alsook
3352 5445 76 88 de
3456 5445 332 90 bewaring
3812 5447 196 89 ervan
4040 5448 298 90 bewaken
4354 5450 18 88 .

792 5520 180 92 Voor
996 5520 112 93 het
1139 5521 207 93 malen
1389 5522 105 92 van
1536 5523 116 92 het
1688 5523 404 94 uitgedeelde
2120 5525 406 94 broodgraan
2552 5527 96 92 zal
2676 5527 80 92 de
2788 5527 856 97 Etappenkommandantur
3668 5531 68 93 in
3760 5531 216 94 iedere
4000 5533 340 93 gemeente
4376 5534 76 93 de
4488 5535 280 93 noodige
4804 5536 248 93 molens
5084 5537 402 94 bestemmen
5488 5539 20 92 ,

528 5600 204 88 welke
764 5601 292 89 uiterlijk
1088 5603 244 89 binnen
1368 5604 76 88 14
1484 5605 191 88 dagen
1711 5606 133 88 met
1872 5607 108 88 het
2008 5607 212 89 malen
2251 5609 252 89 moeten
2532 5610 244 89 gedaan
2803 5612 249 89 hebben
3055 5613 21 88 .
3112 5613 184 89 Soms
3324 5614 480 91 voorkomende
3832 5617 547 91 uitzonderingen
4404 5620 264 89 moeten
4691 5622 93 88 bij
4816 5622 80 89 de
4931 5623 279 89 Etappen
5226 5625 26 88 -
5268 5624 252 91 Inspec

530 5698 140 94 tion
712 5698 254 95 worden
1014 5699 426 96 aangevraagd
1457 5701 28 94 .
1496 5701 96 94 De
1620 5702 382 95 gemeenten
2036 5703 136 94 zijn
2196 5704 230 94 ervoor
2450 5705 615 96 verantwoordelijk
3094 5707 110 94 dat
3230 5707 112 95 het
3368 5708 410 95 broodgraan
3802 5709 80 95 en
3910 5710 112 94 het
4052 5710 164 95 meel
4242 5711 430 96 nauwkeurig
4706 5713 298 95 verdeeld
5030 5714 210 95 wordt
5250 5715 8 94 ,

794 5786 82 94 In
904 5786 132 94 den
1062 5787 306 95 overigen
1402 5788 130 95 tijd
1558 5789 130 94 zijn
1714 5789 60 95 al
1804 5790 78 94 de
1908 5790 250 95 molens
2182 5791 292 95 gesloten
2504 5793 134 94 met
2662 5793 460 96 uitzondering
3146 5795 122 95 van
3294 5796 104 94 die
3428 5797 202 94 welke
3658 5798 158 94 voor
3840 5798 114 95 het
3982 5799 500 96 Hulpkomiteit
4508 5801 260 95 werken
4776 5802 14 94 .

791 5856 137 96 Ten
983 5857 185 97 einde
1223 5858 112 97 het
1391 5859 161 97 door
1595 5860 77 97 de
1744 5861 446 100 landbouwers
2241 5864 520 100 teruggehouden
2814 5868 369 98 afvalkoren
3231 5870 225 98 geheel
3507 5872 73 96 of
3619 5873 425 98 gedeeltelijk
4095 5876 64 96 te
4207 5876 257 98 stooten
4471 5878 17 96 ,
4539 5878 233 97 mogen
4819 5880 165 97 door
5027 5881 81 96 de
5156 5882 356 99 Komman

529 5956 323 94 danturen
917 5957 154 94 voor
1134 5958 117 93 een
1310 5959 354 94 bepaalden
1726 5960 128 94 tijd
1908 5961 243 94 molens
2207 5962 291 94 geopend
2548 5963 79 94 en
2682 5964 100 93 ter
2842 5965 432 94 beschikking
3317 5966 252 94 gesteld
3621 5968 268 93 worden
3897 5969 13 93 .
3966 5969 100 93 De
4114 5969 363 95 molenaars
4532 5971 261 94 moeten
4848 5972 151 94 over
5060 5973 77 93 de
5202 5974 292 94 verschei

530 6044 162 94 dene
740 6044 134 95 hun
928 6045 102 95 tot
1086 6046 214 95 malen
1354 6047 354 95 overgeven
1778 6049 480 96 hoeveelheden
2308 6050 496 97 boekhouden
2872 6053 82 94 en
3013 6054 227 95 hunne
3274 6055 253 95 boeken
3535 6056 28 94 ,
3606 6056 258 95 telkens
3934 6058 80 94 na
4064 6058 112 95 dat
4230 6059 78 94 de
4364 6059 156 95 voor
4580 6060 116 95 het
4742 6061 216 95 malen
5026 6062 308 95 bepaalde
5382 6064 130 94 tijd

528 6124 252 96 voorbij
840 6124 56 96 is
900 6124 16 96 ,
980 6124 80 96 op
1108 6124 316 96 aanvraag
1472 6124 116 96 aan
1640 6124 76 96 de
1776 6124 660 96 Kommandanturen
2492 6124 312 96 indienen
2812 6124 12 96 .

796 6212 56 92 5.
1024 6212 128 93 Bij
1220 6213 80 92 de
1355 6213 572 95 haverleveringen
1984 6216 212 93 zullen
2252 6217 76 92 de
2384 6218 380 93 gemeenten
2824 6219 192 93 tegen
3068 6220 292 94 betaling
3416 6221 128 93 ook
3592 6222 76 92 de
3732 6223 140 92 hun
3924 6223 432 94 toekomende
4412 6225 436 94 voederhaver
4904 6227 372 93 ontvangen
5280 6229 20 92 .

798 6309 94 87 De
948 6309 157 88 voor
1166 6310 116 87 n
1338 6311 202 88 paard
1583 6312 333 88 bestemde
1965 6314 425 88 hoeveelheid
2427 6316 331 88 bedraagt
2810 6317 97 88 1,5
2960 6318 134 87 kilo
3142 6319 113 87 per
3307 6320 125 87 dag
3477 6320 72 87 of
3589 6321 129 87 550
3764 6322 172 87 kilos
3942 6322 14 87 ,
4006 6323 155 87 voor
4217 6324 119 87 een
4373 6324 145 88 jaar
4573 6325 331 88 berekend
4909 6327 16 87 .

796 6392 100 104 De
947 6392 382 104 gemeenten
1376 6392 232 104 mogen
1660 6392 76 104 de
1800 6392 404 104 ontvangene
2276 6392 444 104 voederhaver
2760 6392 348 104 aanstonds
3144 6392 136 104 aan
3336 6392 92 104 de
3468 6392 596 104 paardenbezitters
4112 6392 336 104 uitdeelen
4456 6392 16 104 .
4536 6392 172 104 Deze
4764 6392 260 104 moeten
5072 6392 316 104 nochtans
5432 6392 80 104 de

531 6472 409 98 ontvangene
991 6474 433 98 voederhaver
1486 6476 429 99 afzonderlijk
1972 6479 282 99 bewaren
2307 6481 81 96 en
2443 6482 165 97 door
2655 6483 269 98 briefjes
2983 6485 129 96 met
3159 6486 109 96 het
3314 6487 326 97 opschrift
3687 6489 17 96 :

2067 6568 453 92 Voederhaver
2575 6572 157 90 voor
2787 6574 23 88 (
2824 6575 168 89 getal
2993 6576 23 88 )
3067 6577 277 90 paarden
3415 6580 17 88 -
3487 6581 289 90 kenbaar
3823 6584 224 90 maken
4065 6586 19 88 .

795 6654 41 64 6
843 6654 11 64 .

1038 6658 136 106 Het
1218 6658 196 106 graan
1464 6658 96 106 zal
1608 6658 470 106 onmiddellijk
2136 6658 92 106 bij
2260 6658 100 106 de
2408 6658 352 106 aflevering
2782 6658 142 106 aan
2981 6658 98 106 de
3114 6658 516 106 burgemeesters
3682 6658 258 106 betaald
4002 6658 266 106 worden
4274 6658 14 106 ,
4336 6658 106 106 die
4506 6658 112 106 het
4678 6658 372 106 ontvangen
5102 6658 240 106 bedrag
5388 6658 122 106 aan

531 6732 79 98 de
657 6732 453 101 verscheidene
1155 6735 451 100 landbouwers
1639 6738 289 99 volgens
1983 6739 235 99 nunne
2257 6741 379 100 leveringen
2697 6743 221 99 zullen
2965 6745 365 99 uitbetalen
3337 6747 15 98 .
3407 6747 117 99 Als
3571 6748 271 99 hoogste
3899 6749 249 100 prijzen
4199 6751 137 99 zijn
4391 6752 77 99 de
4525 6753 315 100 volgende
4903 6755 275 99 bepaald
5229 6757 15 98 :

1848 6826 179 85 Voor
2080 6832 120 83 100
2246 6837 173 85 kilos
2473 6843 164 84 rogg
2637 6848 34 81 .

3851 6841 201 92 30,00
4093 6837 59 87 fr
4152 6837 20 85 .

1849 6924 177 71 Voor
2079 6926 121 70 100
2245 6927 173 71 kilos
2465 6929 201 71 tarwe

3855 6932 193 79 36,00
4095 6932 53 76 fr
4155 6932 17 76 .

1848 7012 176 75 Voor
2078 7013 118 75 100
2244 7014 170 75 kilos
2460 7015 200 75 haver

3848 7016 196 76 38,00
4088 7016 60 76 fr
4152 7016 16 76 .

1851 7088 173 83 Voor
2079 7092 121 82 100
2247 7095 169 82 kilos
2462 7099 170 82 spelt

3845 7106 196 81 36,00
4085 7104 59 77 fr
4145 7104 20 76 .

1850 7184 174 72 Voor
2078 7185 122 72 100
2248 7185 172 73 kilos
2464 7186 350 74 masteluin

3839 7190 196 85 33,00
4079 7187 58 81 fr
4140 7185 19 81 .

816 7256 88 104 De
956 7256 268 104 hoogste
1272 7256 248 104 prijzen
1568 7256 128 104 zijn
1735 7256 197 104 alleen
1984 7256 220 104 geldig
2256 7256 148 104 voor
2452 7256 508 104 onberispelijke
3008 7256 169 104 waar
3181 7256 15 104 ,
3224 7256 241 104 terwijl
3516 7256 156 104 voor
3720 7256 296 104 mindere
4064 7256 80 104 en
4192 7256 140 104 niet
4372 7256 416 104 toereikende
4836 7256 384 104 gezuiverde
5264 7256 248 104 granen

536 7340 152 112 eene
712 7340 628 112 overeenkomstige
1372 7340 676 112 prijsvermindering
2092 7340 308 112 gemaakt
2444 7340 224 112 wordt
2657 7340 16 112 .
2716 7340 108 112 De
2844 7340 540 112 burgemeesters
3408 7340 284 112 moeten
3760 7340 189 112 graan
3992 7340 152 112 van
4169 7340 144 112 deze
4360 7340 176 112 soort
4584 7340 388 112 gescheiden
5020 7340 124 112 van
5192 7340 112 112 de
5323 7340 193 112 onbe

535 7424 341 86 rispelijke
927 7427 173 85 waar
1162 7429 311 86 afleveren
1480 7432 23 84 .

796 7512 60 96 7.
900 7511 507 99 Overtredingen
1444 7514 184 96 dezer
1652 7515 428 97 verordening
2116 7516 72 96 of
2212 7517 112 96 der
2348 7517 84 96 op
2460 7518 212 96 grond
2704 7518 192 97 ervan
2932 7519 160 97 door
3124 7520 76 96 de
3228 7520 944 100 Etappenkommandanturen
4192 7524 536 98 uitgevaardigde
4752 7525 524 99 bestemmingen
5300 7527 216 98 zullen

536 7600 136 96 met
707 7600 97 96 ten
852 7601 264 97 hoogste
1151 7602 208 97 10000
1400 7603 184 97 mark
1620 7604 340 97 geldboete
1988 7605 68 96 of
2067 7606 153 96 met
2248 7606 391 98 gevangenis
2664 7608 100 96 tot
2800 7608 36 96 3
2864 7609 148 96 jaar
3036 7609 268 97 gestraft
3343 7611 255 97 worden
3602 7612 26 96 ,
3656 7612 128 96 ook
3812 7612 268 97 kunnen
4111 7613 205 98 beide
4351 7615 245 96 straffen
4636 7615 272 98 tegelijk
4936 7617 336 97 toegepast
5316 7618 84 97 en
5432 7619 80 96 de

537 7690 73 98 in
643 7690 203 99 strijd
857 7691 149 99 met
1039 7692 479 101 bovenstaande
1541 7695 515 101 bestemmingen
2091 7699 349 99 gebruikte
2464 7701 328 99 goederen
2829 7703 317 99 verbeurd
3173 7705 343 100 verklaard
3539 7707 267 99 worden
3807 7708 19 98 .

800 7776 144 92 Zijn
976 7776 284 92 bevoegd
1300 7776 76 92 de
1404 7776 300 92 duitsche
1732 7776 312 92 militaire
2076 7776 444 92 rechtbanken
2544 7776 80 92 en
2652 7776 316 92 militaire
3000 7776 308 92 besturen
3316 7776 12 92 .

799 7896 72 87 E.
921 7897 86 87 H.
1059 7899 76 87 O.
1144 7900 15 86 ,
1215 7901 125 87 den
1395 7903 37 86 3
1483 7904 341 91 Augustus
1895 7909 137 89 1916
2060 7911 16 86 .

3125 7993 121 82 DE
3307 7995 992 93 ETAPPENINSPEKTEUR
4301 8007 16 80 ,

2476 8112 220 120 VON
2772 8112 544 120 UNGER
3320 8112 20 120 ,
3424 8112 496 120 General
3992 8112 208 120 der
4276 8112 656 120 Kavallerie
4940 8112 28 120 .

2016 8324 240 84 Drukk
2268 8325 4 84 .
2328 8325 92 84 St.
2476 8326 328 85 Antonius
2808 8327 16 84 ,
2872 8327 60 85 J.
2984 8328 504 86 DOOREMAN
3492 8330 24 84 -
3524 8331 532 86 VOLCKAERT
4064 8333 12 84 .
