6015 8775
713 447 4502 1360 VERORDENING

5180 1972 184 136 de

669 1896 891 212 betreffende
1716 1910 179 202 de
2028 1914 875 211 jaarwedde
3084 1928 267 203 der
3509 1933 1050 214 hoogleeraars
4732 1949 283 204 aan

2220 2164 1513 192 staatshoogescholen
3744 2164 54 192 .

5280 2238 123 98 108

791 2500 133 145 In
983 2501 609 148 afwijking
1643 2506 229 146 van
1923 2508 433 146 artikel
2411 2511 77 145 9
2543 2512 205 145 der
2799 2514 233 145 wet
3091 2516 229 146 van
3399 2518 141 146 15
3619 2520 245 145 Juli
3927 2522 317 147 1849
4299 2524 141 146 en
4515 2526 233 146 van
4795 2528 145 145 de
4995 2529 233 146 wet
5275 2531 236 146 van

527 2628 161 141 14
743 2630 389 143 Maart
1223 2634 348 144 1863
1619 2638 397 144 wordt
2026 2642 21 140 ,
2099 2642 633 147 betreffend
2787 2649 145 142 de
2971 2651 785 147 jaarwedden
3847 2659 208 143 der
4139 2662 825 148 hoogleeraars
5030 2671 237 142 aan
5363 2674 148 142 de

513 2776 1215 148 staatshoogescholen
1739 2782 15 142 ,
1809 2782 201 143 het
2063 2784 567 144 volgende
2679 2787 491 144 bepaald
3225 2790 21 142 :

792 2976 456 108 Artikel
1304 2976 52 108 1
1368 2976 16 108 .
1627 2976 169 148 De
1835 2976 481 150 gewone
2371 2979 813 151 hoogleeraars
3239 2982 537 150 genieten
3863 2985 209 148 een
4107 2986 681 150 jaarwedde
4839 2989 225 148 van
5155 2990 349 149 8000

513 3096 351 141 frank
905 3099 183 139 die
1094 3100 21 138 ,
1155 3100 249 140 drie
1437 3103 261 139 jaar
1757 3105 157 140 na
1963 3107 143 139 de
2153 3108 703 144 benoeming
2901 3114 181 139 tot
3117 3115 489 142 gewoon
3657 3119 771 144 hoogleeraar
4432 3125 25 138 ,
4509 3126 247 139 met
4811 3128 253 140 500
5147 3131 361 141 frank

511 3236 149 148 en
667 3236 21 148 ,
731 3236 157 149 na
939 3237 609 151 nogmaals
1579 3240 253 149 drie
1871 3241 261 149 jaar
2135 3242 25 148 ,
2199 3242 313 149 weer
2551 3244 280 149 met
2851 3245 245 149 500
3131 3246 373 149 frank
3550 3248 589 150 verhoogd
4203 3250 377 150 wordt
4587 3252 21 148 .

788 3436 468 112 Artikel
1300 3436 72 112 2
1384 3436 20 112 .
1643 3432 169 142 De
1863 3434 889 147 buitengewone
2807 3442 821 147 hoogleeraars
3703 3449 545 146 genieten
4299 3455 213 142 een
4547 3457 681 146 jaarwedde
5267 3463 237 143 van

519 3552 337 155 6000
919 3555 353 155 frank
1323 3558 181 153 die
1510 3560 21 152 ,
1591 3560 69 153 3
1723 3562 273 154 jaar
2043 3564 157 154 na
2271 3566 137 153 de
2462 3567 689 159 benoeming
3219 3574 181 153 tot
3450 3576 901 159 buitengewoon
4422 3584 769 158 hoogleeraar
5171 3590 44 152 ,
5254 3591 250 153 met

519 3700 253 145 500
823 3701 353 146 frank
1215 3703 141 145 en
1367 3704 25 144 ,
1447 3705 153 144 na
1639 3706 605 147 nogmaals
2303 3709 73 144 3
2415 3710 273 145 jaar
2694 3711 21 144 ,
2767 3712 309 145 weer
3091 3713 280 146 met
3427 3715 253 145 500
3730 3717 358 145 frank
4122 3719 593 147 verhoogd
4767 3722 389 146 wordt
5147 3724 29 144 .

788 3900 464 116 Artikel
1336 3900 68 116 3
1424 3900 16 116 .
1683 3896 265 146 Aan
1999 3898 949 151 verdienstelijke
2991 3906 481 147 gewone
3523 3910 821 150 hoogleeraars
4391 3917 373 147 boven
4815 3920 141 145 de
5007 3921 165 146 50
5187 3923 264 145 jaar
5454 3925 38 144 ,

519 4028 185 141 die
751 4029 385 143 sedert
1191 4032 321 142 meer
1551 4035 229 142 dan
1839 4037 157 141 25
2035 4039 273 141 jaar
2371 4041 125 141 in
2543 4042 412 143 staats-
3023 4046 113 140 of
3207 4047 997 147 gemeentedienst
4279 4055 669 145 werkzaam
5030 4060 229 143 zijn
5343 4063 149 141 en

519 4156 389 146 sedert
959 4159 201 146 ten
1215 4161 429 147 minste
1695 4165 73 145 3
1807 4166 272 146 jaar
2127 4169 205 145 het
2383 4170 649 150 maximum
3082 4177 461 147 hunner
3563 4180 689 150 jaarwedde
4287 4186 548 149 genieten
4842 4191 21 144 ,
4907 4191 252 147 kan
5210 4194 281 146 eene

519 4306 721 147 verhooging
1283 4311 229 143 van
1563 4312 211 143 een
1821 4314 391 144 tiende
2277 4317 143 143 en
2430 4318 21 142 ,
2505 4319 157 143 na
2711 4320 607 146 nogmaals
3375 4324 71 142 3
3501 4325 259 144 jaar
3766 4327 21 142 ,
3843 4327 313 144 weer
4207 4330 213 144 een
4473 4332 725 147 verhooging
5253 4337 239 144 van

515 4436 209 136 een
779 4437 389 138 tiende
1235 4440 213 136 van
1503 4441 201 137 het
1755 4442 649 140 maximum
2459 4446 461 139 hunner
2951 4449 681 140 jaarwedde
3679 4453 653 139 toegekend
4391 4457 459 138 worden
4867 4460 29 136 .

792 4632 468 117 Artikel
1388 4634 34 116 4
1807 4632 265 154 Aan
2155 4634 829 159 afzonderlijke
3055 4641 821 158 hoogleeraars
3983 4648 489 156 kunnen
4555 4652 193 154 om
4831 4654 661 157 bijzondere

519 4768 357 137 reden
882 4770 21 136 ,
959 4770 417 139 bijslag
1423 4773 129 136 of
1587 4774 853 140 vergoedingen
2491 4779 685 139 toegestaan
3231 4783 469 138 worden
3714 4786 17 136 .

796 4974 464 102 Artikel
1344 4974 68 102 5
1426 4974 18 102 .
1731 4960 165 154 De
1939 4962 357 155 onder
2347 4965 585 158 artikelen
2991 4971 45 152 1
3095 4972 145 154 en
3295 4974 73 153 2
3391 4975 641 157 voorziene
4084 4981 860 161 verhoogingen
5003 4989 489 157 kunnen

519 5092 333 142 reeds
903 5094 281 142 vóór
1231 5096 381 144 afloop
1663 5099 229 142 van
1955 5101 189 141 het
2226 5103 43 140 3
2359 5104 125 141 of
2527 5105 105 141 60
2667 5106 269 142 jaar
2987 5108 153 141 na
3187 5110 141 140 de
3387 5111 701 145 benoeming
4171 5116 177 141 tot
4435 5118 761 145 hoogleeraar
5256 5124 198 141 ver

519 5228 333 141 leend
962 5230 441 143 worden
1442 5233 43 140 ,
1531 5234 393 142 indien
2019 5237 141 140 de
2255 5238 709 145 betreffende
3059 5243 193 141 ten
3351 5245 425 142 minste
3863 5248 77 140 6
4047 5250 125 140 of
4211 5251 141 140 12
4415 5252 273 141 jaar
4735 5254 125 140 in
4923 5255 405 142 staats-
5375 5258 113 140 of

519 5363 993 152 gemeentedienst
1559 5371 669 149 werkzaam
2267 5376 105 144 is
2419 5377 505 147 geweest
2934 5380 17 144 .

795 5551 465 148 Artikel
1315 5555 100 145 6.
1510 5557 85 145 –
1655 5558 881 150 Vorenstaande
2575 5564 701 150 bepalingen
3327 5570 229 145 zijn
3607 5571 145 146 op
3803 5573 245 145 niet
4099 5575 117 145 in
4287 5576 377 147 dienst
4715 5579 377 147 zijnde
5155 5582 277 146 hoog

520 5680 507 142 leeraars
1068 5690 247 137 niet
1344 5695 235 136 van
1612 5701 667 144 toepassing
2284 5713 23 132 .

795 5888 465 154 Artikel
1328 5890 115 152 7.
1471 5891 117 153 -
1635 5891 169 153 De
1855 5892 773 155 verordening
2679 5896 381 153 wordt
3099 5898 145 152 op
3287 5899 53 152 1
3383 5899 249 153 Juli
3683 5901 297 153 1916
4027 5902 225 153 van
4303 5903 433 154 kracht

800 6140 485 116 Brussel
1266 6140 30 116 ,
1348 6140 220 116 den
1616 6140 140 116 19
1804 6140 248 116 Juli
2108 6140 300 116 1916
2420 6140 16 116 .

5482 6421 22 80 ......

2709 6418 155 103 DE
2913 6419 1249 113 GENERALGOUVERNEUR
4209 6430 119 103 IN
4383 6431 461 106 BELGIEN
4850 6435 21 102 ,

2846 6576 689 174 Freiherr
3601 6587 286 168 von
3950 6592 704 174 BISSING
4688 6603 44 165 ,

3328 6784 896 124 Generaloberst
4232 6784 20 124 .

803 7164 885 158 Bovenstaande
1723 7170 777 159 verordening
2539 7177 381 155 wordt
2959 7180 273 154 voor
3315 7183 205 153 het
3571 7185 949 160 Etappengebied
4607 7193 229 154 van
4883 7195 28 152 '
4932 7195 28 152 t
5003 7196 113 153 4.
5163 7197 325 154 leger

531 7304 125 137 in
707 7306 541 141 werking
1295 7312 423 140 gesteld
1743 7316 38 136 .

803 7556 136 137 A.
983 7557 136 137 H.
1167 7559 128 137 Q.
1306 7560 21 136 ,
1379 7561 225 138 den
1659 7564 69 137 8
1775 7565 605 141 Augustus
2435 7571 293 139 1916
2742 7574 17 136 .

2559 7842 197 93 DER
2863 7844 1127 103 OBERBEFEHLSHABER
3992 7855 21 92 ,

1470 8016 561 172 Herzog
2160 8016 996 172 ALBRECHT
3280 8016 268 172 VON
3680 8016 1480 172 WURTTEMBERG
5168 8016 28 172 .

5164 8010 45 147 .

2012 8344 236 84 Drukk
2256 8344 16 84 .
2324 8344 92 84 St.
2468 8344 329 84 Antonius
2796 8344 21 84 ,
2864 8344 60 84 J.
2956 8344 497 84 DOOREMAN
3490 8344 20 84 -
3515 8344 534 84 VOLCKAERT
4048 8344 20 84 .
