5703 8542
524 447 4692 824 VERORDENING

5206 764 197 115 550

791 1684 245 169 Tot
1135 1686 437 171 betere
1663 1690 897 176 bescherming
2683 1698 225 170 der
3035 1700 1717 181 landbouwvoortbrengsels
4871 1714 165 170 op
5135 1716 173 170 de

482 1836 479 166 akkers
960 1842 40 160 ,
1062 1843 490 165 bestem
1606 1850 142 161 ik
1817 1852 184 163 als
2057 1855 357 165 volgt
2464 1860 32 160 :

800 2068 64 120 1
888 2068 24 120 .
1219 2052 313 151 Wie
1635 2055 340 151 land-
2075 2058 141 149 of
2291 2060 1690 161 tuinbouwvoortbrengsels
3980 2073 40 148 ,
4115 2074 445 152 deelen
4663 2079 397 151 ervan
5163 2083 133 149 of

483 2195 377 164 zulke
915 2199 409 164 welke
1379 2203 361 163 reeds
1795 2206 529 164 geoogst
2411 2211 253 162 zijn
2759 2214 157 162 en
3011 2216 253 162 nog
3359 2219 157 161 op
3611 2221 241 162 den
3935 2223 421 164 akker
4431 2227 433 164 liggen
4874 2231 25 160 ,
4950 2231 334 164 weg-
5238 2231 27 158 .

479 2340 433 174 neemt
963 2343 465 174 zonder
1483 2346 385 175 ertoe
1890 2349 562 175 bevoegd
2507 2353 133 172 te
2691 2354 226 174 zijn
2939 2356 41 172 ,
3038 2357 442 174 wordt
3543 2360 265 173 met
3882 2362 801 177 gevangenis
4734 2367 543 177 gestraft
5272 2371 28 172 .

783 2574 81 117 2
880 2574 25 116 .
1216 2576 340 160 Eene
1608 2576 1132 160 gevangenisstraf
2776 2576 268 160 niet
3104 2576 396 160 onder
3556 2576 88 160 4
3700 2576 460 160 weken
4216 2576 196 160 zal
4468 2576 524 160 worden
5059 2576 233 160 toe

473 2714 455 161 gepast
935 2716 25 160 ,
1001 2716 441 162 indien
1481 2718 188 161 bij
1699 2719 157 161 de
1944 2720 963 165 ontvreemding
2961 2725 893 164 verscheidene
3933 2730 631 162 personen
4613 2733 677 163 medewer

471 2868 251 152 ken
736 2869 25 152 ,
807 2869 125 153 of
985 2870 437 154 indien
1463 2873 253 153 aan
1771 2874 245 153 den
2073 2876 827 156 gerechtigde
2953 2881 123 152 of
3127 2881 255 153 aan
3421 2883 157 152 de
3657 2884 619 155 bediende
4317 2888 255 153 van
4625 2889 249 153 den
4912 2891 315 153 open

467 3016 405 165 baren
959 3018 1169 171 veiligheidsdienst
2134 3025 21 164 ,
2267 3026 193 165 tot
2543 3028 425 166 welke
3047 3031 245 165 ook
3415 3033 157 164 de
3659 3034 173 165 in
3927 3036 153 164 de
4163 3037 765 168 gemeenten
5011 3042 277 165 met

477 3163 894 177 toestemming
1483 3168 249 173 der
1787 3170 585 174 duitsche
2467 3173 597 174 overheid
3123 3176 785 175 ingerichte
3975 3179 793 177 burgerlijke
4847 3183 441 175 veilig

467 3318 1141 155 heidspatrouillen
1705 3322 637 154 behooren
2351 3324 25 152 ,
2509 3325 139 152 in
2793 3326 371 153 geval
3255 3327 253 153 van
3615 3329 837 154 aanhouding
4555 3332 727 154 weerstand

464 3464 580 172 geboden
1104 3464 136 172 of
1280 3464 140 172 er
1476 3464 232 172 een
1764 3464 224 172 der
2044 3464 696 172 genoemde
2796 3464 620 172 personen
3460 3464 608 172 verwond
4118 3464 445 172 wordt
4550 3464 30 172 .

771 3684 76 113 3
867 3684 17 113 .
1175 3680 557 162 Volgens
1787 3682 945 163 bovenstaande
2811 3686 1017 164 bestemmingen
3879 3690 201 161 zal
4159 3691 545 162 gestraft
4755 3694 529 161 worden

454 3824 244 172 wie
796 3824 308 172 voor
1200 3824 284 172 den
1536 3824 688 172 landbouw
2316 3824 124 172 of
2540 3824 152 172 de
2796 3824 868 172 huishouding
3752 3824 688 172 gebruikte
4544 3824 736 172 huisdieren

459 3972 449 160 buiten
963 3976 153 157 de
1171 3977 681 162 stallingen
1913 3983 820 164 ontvreemdt
2734 3990 30 156 .

759 4180 124 160 4.
951 4181 125 161 –
1147 4182 269 161 Met
1519 4184 221 161 ten
1795 4185 529 163 hoogste
2387 4189 353 161 1000
2803 4191 381 163 mark
3239 4194 665 163 geldboete
3959 4198 125 160 of
4160 4199 295 162 met
4491 4201 789 164 gevangenis

951 4191 47 124 -

472 4328 197 155 tot
751 4330 77 155 3
917 4331 635 158 maanden
1639 4336 440 157 wordt
2137 4339 215 156 elk
2429 4341 715 159 burgerlijk
3239 4347 533 158 persoon
3879 4351 545 158 gestraft
4499 4355 205 155 die
4710 4357 25 154 ,
4811 4357 469 157 zonder

455 4488 565 161 bevoegd
1075 4490 125 160 of
1291 4491 613 162 bediende
1959 4493 253 161 van
2303 4495 153 160 de
2547 4495 641 163 openbare
3283 4498 1177 164 veiligheidsdienst
4511 4503 133 160 te
4743 4504 230 160 zijn
4986 4505 46 160 ,
5075 4505 197 161 tot

460 4640 408 160 welke
912 4640 248 160 ook
1212 4640 156 160 de
1420 4640 120 160 in
1608 4640 152 160 de
1816 4640 668 160 gemeente
2536 4640 256 160 met
2832 4640 904 160 toestemming
3780 4640 224 160 der
4044 4640 576 160 duitsche
4680 4640 596 160 overheid

456 4776 712 176 ingerichte
1272 4776 792 176 burgerlijke
2192 4776 1536 176 veiligheidspatrouillen
3832 4776 619 176 behooren
4467 4776 38 176 ,
4616 4776 304 176 voor
5024 4776 248 176 den

453 4930 349 154 land-
859 4932 139 153 of
1035 4933 677 157 tuinbouw
1753 4938 691 157 gebezigde
2499 4943 701 156 landerijen
3249 4948 581 155 betreedt
3840 4952 21 152 .

759 5152 81 117 5
854 5153 21 116 .
1140 5152 324 160 Elke
1516 5152 480 160 poging
2048 5152 108 160 is
2212 5152 633 160 strafbaar
2852 5152 32 160 .

757 5367 81 115 6
851 5367 20 115 .
1120 5364 124 156 Is
1284 5364 144 156 er
1484 5364 300 156 eene
1840 5364 824 156 overtreding
2712 5364 228 156 der
2996 5364 940 156 bovenstaande
3988 5364 928 156 voorschriften
4964 5364 312 156 door

452 5520 236 156 een
744 5520 576 156 persoon
1404 5520 392 156 onder
1852 5520 156 156 de
2120 5520 152 156 18
2368 5520 380 156 jaren
2804 5520 612 156 gepleegd
3516 5520 552 156 geweest
4076 5520 24 156 ,
4160 5520 220 156 zoo
4476 5520 268 156 kan
4800 5520 168 156 hij
5072 5520 204 156 die

449 5653 625 160 wettelijk
1127 5656 309 157 voor
1477 5658 295 158 hem
1827 5659 515 158 instaan
2376 5662 366 157 moet
2797 5663 119 157 of
2951 5664 199 157 tot
3192 5665 339 157 zijne
3581 5666 525 159 opzicht
4131 5669 633 158 verplicht
4819 5672 107 156 is
4933 5672 23 156 ,
5007 5673 267 157 met

451 5804 557 148 dezelfde
1047 5808 441 147 straffe
1527 5812 545 148 gestraft
2127 5816 511 148 worden
2672 5820 32 144 .

748 6024 112 160 7.
928 6024 128 160 –
1124 6024 360 160 Soms
1540 6024 688 160 bestaande
2284 6024 516 160 strenge
2852 6024 580 160 duitsche
3512 6024 124 160 of
3688 6024 644 160 belgische
4393 6024 355 160 straf
4732 6024 540 160 bestem

449 6170 529 157 mingen
1057 6172 521 158 worden
1635 6174 311 157 door
2027 6176 299 157 deze
2405 6177 859 160 verordening
3317 6181 267 157 niet
3635 6182 555 158 geraakt
4277 6185 159 156 en
4485 6186 477 158 blijven
5015 6188 257 157 van

450 6314 472 130 kracht
920 6322 34 123 .

758 6532 114 158 8.
908 6532 130 158 —
1088 6532 184 158 De
1312 6532 956 158 veroordeeling
2308 6532 200 158 zal
2554 6532 310 158 door
2902 6532 150 158 de
3092 6532 578 158 duitsche
3712 6532 614 158 militaire
4380 6532 888 158 rechtbanken

451 6672 125 164 of
679 6673 609 166 militaire
1383 6676 605 166 besturen
2075 6679 716 167 geschieden
2812 6683 47 164 ,
2935 6683 141 164 in
3159 6684 505 166 minder
3751 6687 425 166 zware
4275 6689 581 167 gevallen
4955 6692 313 166 door

449 6820 475 165 middel
965 6824 377 165 eener
1395 6826 953 170 onmiddellijke
2389 6835 1055 170 straftoepassing
3450 6843 21 162 .

751 7100 132 149 E.
971 7101 164 149 H.
1223 7103 132 149 O.
1370 7104 25 148 ,
1483 7105 249 150 den
1819 7107 77 149 8
1979 7108 669 153 Augustus
2731 7113 321 151 1916
3066 7116 25 148 .

1224 7096 160 145 ,

3431 7360 233 169 Der
3743 7361 1169 177 Etappeninspekteur
4906 7369 46 168 ,

3635 7597 317 178 von
4063 7590 709 182 UNGER
4780 7590 33 176 ,

3392 7776 548 136 General
4020 7776 228 136 der
4332 7776 732 136 Kavallerie
5072 7776 20 136 .

1748 8116 266 90 Drukk
2020 8116 16 90 .
2090 8116 106 90 St.
2246 8116 364 90 Antonius
2614 8116 18 90 ,
2682 8116 136 90 Jos
2822 8116 24 90 .
2856 8116 428 90 Dooreman
3305 8116 22 90 -
3351 8116 363 90 Volckaert
3716 8116 22 90 .
