6133 9124
536 383 5223 942 VERORDENING

5476 1713 195 164 544

3241 1932 330 200 t1

710 1331 1038 231 betreffende
1854 1343 286 223 het
2246 1347 177 221 in
2538 1350 1225 232 beslagnemen
3877 1363 218 222 en
4202 1366 1402 234 stapelopnomen

1598 1584 314 226 der
2030 1587 834 231 rijwielen
2997 1594 218 226 en
3334 1597 1306 235 rijwielbanden
4634 1607 62 224 .

1079 1896 68 272 (
1184 1896 1144 278 Beperking
2479 1902 385 273 van
3015 1904 329 273 het
3479 1906 1591 279 riſvoielverkeer
5107 1913 65 272 )
5127 1914 65 272 .

2048 2252 2112 232 BESLAGLEGGING
4172 2252 56 232 .

880 2552 304 176 Alle
1240 2552 664 176 rijwielen
1960 2552 168 176 en
2192 2552 1544 176 rijwielbestanddeelen
3792 2552 472 176 alsook
4320 2552 272 176 alle
4648 2552 880 176 voorhanden
5584 2552 136 176 of

558 2712 1201 180 nieuwgemaakte
1855 2716 137 176 of
2070 2717 1282 181 nieuwingevoerde
3463 2722 537 178 nieuwe
4007 2724 25 176 ,
4151 2724 729 180 gebruikte
4967 2727 473 178 alsook
5551 2729 169 177 de

560 2872 536 168 slechts
1136 2872 272 168 nog
1464 2872 200 168 als
1720 2872 272 168 oud
2080 2872 576 168 rekgom
2688 2872 192 168 te
2968 2872 768 168 gebruiken
3792 2872 1024 168 rijwielbuiten-
4904 2872 168 168 en
5166 2872 554 168 binnen

559 3032 541 171 banden
1178 3035 126 169 en
1381 3037 189 169 de
1603 3038 589 171 afvallen
2251 3042 425 171 ervan
2715 3045 561 171 worden
3331 3048 145 170 in
3539 3050 1145 175 beslaggenomen
4694 3057 25 168 ,
4779 3057 225 170 om
5063 3059 21 168 '
5091 3059 61 168 t
5207 3060 337 170 even
5591 3062 149 169 of

560 3208 160 176 zij
816 3208 384 176 reeds
1272 3208 864 176 afgemaakt
2200 3208 136 176 of
2432 3208 272 176 nog
2808 3208 144 176 in
3064 3208 800 176 bewerking
3944 3208 272 176 zijn
4296 3208 176 176 en
4560 3208 152 176 of
4784 3208 168 176 zij
5056 3208 296 176 zich
5456 3208 256 176 aan

560 3368 660 172 rijwielen
1272 3368 668 172 bevinden
2000 3368 148 172 of
2188 3368 428 172 ervan
2680 3368 804 172 gescheiden
3544 3368 644 172 bewaard
4240 3368 560 172 worden
4812 3368 20 172 ,
4884 3368 144 172 in
5088 3368 636 172 zooverre

560 3528 160 168 zij
792 3528 288 168 niet
1120 3528 232 168 het
1416 3528 712 168 eigendom
2184 3528 272 168 van
2528 3528 656 168 Duitsche
3256 3528 656 168 militaire
3976 3528 144 168 of
4160 3528 848 168 burgerlijke
5072 3528 640 168 besturen

560 3706 239 149 zijn
807 3705 43 145 .

832 3888 2306 576 Verplichting
3300 3888 451 576 tot
3929 3888 1431 576 aangifte
5311 3888 129 576 .

3894 4021 183 349 a

876 4524 200 176 De
1132 4524 884 176 voorwerpen
2076 4524 172 176 op
2308 4524 444 176 welke
2800 4524 316 176 deze
3176 4524 1120 176 bekendmaking
4352 4524 352 176 slaat
4780 4524 172 176 en
5016 4524 436 176 welke
5504 4524 216 176 tot

560 4684 164 172 15
832 4684 804 172 September
1740 4684 348 172 1916
2200 4684 292 172 niet
2592 4684 268 172 aan
2960 4684 328 172 eene
3392 4684 1132 172 verzamelplaats
4624 4684 684 172 verkocht
5412 4684 241 172 zijn
5673 4684 43 172 ,

552 4848 540 172 moeten
1180 4848 552 172 worden
1820 4848 888 172 aangegeven
2716 4848 24 172 ,
2856 4848 220 172 om
3196 4848 20 172 '
3220 4848 64 172 t
3396 4848 336 172 even
3832 4848 128 172 of
4044 4848 160 172 zij
4288 4848 808 172 gescheiden
5192 4848 272 172 van
5540 4848 180 172 de

552 5012 664 168 rijwielen
1300 5012 644 168 bewaard
2044 5012 556 168 worden
2704 5012 132 168 of
2952 5012 884 168 gemonteerd
3948 5012 228 168 zijn
4210 5012 42 168 ,
4368 5012 396 168 ofwel
4860 5012 148 168 of
5104 5012 328 168 voor
5552 5012 168 168 de

552 5172 660 164 rijwielen
1320 5172 324 164 eene
1760 5172 668 164 toelating
2552 5172 208 164 tot
2856 5172 736 164 velorijden
3696 5172 636 164 verleend
4448 5172 112 164 is
4572 5172 24 164 .
4704 5172 196 164 De
5012 5172 704 164 aangiften

548 5324 544 176 moeten
1136 5324 212 176 tot
1384 5324 188 176 20
1632 5324 796 176 September
2476 5324 264 176 aan
2792 5324 164 176 de
3008 5324 680 176 bevoegde
3736 5324 1208 176 Kommandantur
4988 5324 724 176 ingediend

547 5472 561 173 worden
1151 5474 145 172 in
1355 5474 577 174 dubbele
1975 5477 1049 175 uitvaardiging
3071 5481 169 172 op
3299 5481 797 176 ambtelijke
4163 5484 1496 178 aangifteformulieren
5663 5490 46 172 ,

552 5640 436 172 welke
1048 5640 436 172 gratis
1548 5640 956 172 verkrijgbaar
2564 5640 268 172 zijn
2896 5640 304 172 ook
3244 5640 140 172 in
3448 5640 232 172 het
3736 5640 476 172 bureel
4272 5640 268 172 van
4604 5640 496 172 Politie
5112 5640 20 172 .
5200 5640 196 172 De
5504 5640 212 172 tot

543 5805 613 178 aangifte
1223 5802 749 179 verplichte
2004 5799 708 179 verkrijgt
2763 5798 241 177 een
3071 5797 269 176 van
3423 5795 249 177 een
3759 5792 577 179 stempel
4391 5790 633 178 voorzien
5122 5787 551 178 schrifte

544 5968 252 168 lijk
836 5968 472 168 bewijs
1364 5968 328 168 voor
1736 5968 168 168 de
1960 5968 528 168 gedane
2548 5968 612 168 aangifte
3172 5968 20 168 .

872 6128 360 176 Eene
1280 6128 384 176 reeds
1712 6128 568 176 vroeger
2368 6128 520 176 gedane
2944 6128 616 176 aangifte
3616 6128 128 176 of
3808 6128 144 176 in
4032 6128 1032 176 beslagneming
5128 6128 592 176 bevrijdt

543 6276 289 166 niet
875 6278 273 167 van
1207 6281 165 166 de
1411 6283 929 172 verplichting
2379 6291 209 166 tot
2631 6293 598 169 aangifte
3231 6298 45 164 .

862 6504 266 179 Tot
1182 6507 162 178 de
1406 6509 610 181 aangifte
2070 6515 266 179 zijn
2406 6518 683 183 verplicht
3099 6525 45 176 :

1334 6704 50 161 A
1418 6705 38 160 )
1550 6706 161 162 de
1758 6709 656 168 eigenaar
2399 6717 42 160 .

1336 6868 76 168 B
1416 6868 28 168 )
1528 6868 184 168 hij
1784 6868 216 168 die
2096 6868 164 168 de
2320 6868 664 168 rijwielen
3044 6868 148 168 of
3272 6868 544 168 banden
3900 6868 144 168 in
4148 6868 712 168 bewaring
4948 6868 372 168 heeft

1659 7024 69 168 (
1735 7024 577 173 bezitter
2367 7029 149 169 of
2547 7030 1197 177 magazijnhouder
3784 7039 46 168 )
3826 7039 46 168 .

1348 7180 64 176 C
1416 7180 28 176 )
1532 7180 624 176 iedereen
2280 7180 216 176 die
2584 7180 144 176 in
2784 7180 424 176 eigen
3308 7180 128 176 of
3532 7180 556 176 vreemd
4176 7180 500 176 belang
4785 7180 519 176 gerech

1663 7354 297 165 tigd
2007 7353 113 165 is
2167 7351 321 166 over
2531 7350 165 165 de
2743 7346 677 168 rijwielen
3463 7345 149 165 of
3655 7341 537 168 banden
4239 7341 137 164 te
4419 7335 826 170 beschikken
5254 7336 43 164 .

872 7560 200 176 De
1144 7560 608 176 aangifte
1840 7560 328 176 door
2248 7560 248 176 een
2584 7560 240 176 der
2880 7560 848 176 verplichten
3816 7560 584 176 bevrijdt
4472 7560 168 176 de
4728 7560 608 176 anderen
5424 7560 288 176 niet

539 7724 273 164 van
871 7725 165 164 de
1094 7726 918 167 verplichting
2067 7730 209 165 tot
2348 7731 607 167 aangifte
2962 7734 29 164 .

863 7952 152 161 A.
1071 7953 160 161 H.
1303 7954 144 161 Q.
1470 7955 17 160 ,
1543 7956 257 161 den
1855 7958 185 161 26
2111 7959 705 164 Augustus
2879 7964 353 162 1916
3246 7966 17 160 .

3512 8160 256 176 Der
3864 8160 1143 176 Oberbefehlshaber
5006 8160 43 176 ,

1955 8413 545 166 Herzog
2587 8406 973 170 ALBRECHT
3655 8405 269 165 VON
4035 8395 1461 173 WURTTEMBERG
5508 8395 25 164 .

2108 8706 276 100 Drukk
2389 8706 21 100 .
2452 8706 88 100 St
2542 8706 22 100 -
2570 8706 386 100 Antonius
2964 8706 16 100 ,
3020 8706 136 100 Jos
3162 8706 14 100 .
3224 8706 444 100 Dooreman
3678 8706 22 100 -
3708 8706 414 100 Volckaert
4128 8706 16 100 .
