7371 4741
6299 680 188 144 589

1379 739 254 222 Mob
1635 741 67 220 .
1731 741 469 222 Etappen
2206 744 33 220 -
2247 744 985 225 Kommandantuur
3242 749 21 220 .

3888 892 124 152 E.
4080 892 140 152 H.
4284 892 140 152 O.
4444 892 24 152 ,
4556 892 232 152 den
4884 892 232 152 30.
5196 892 472 152 August
5740 892 312 152 1916
6072 892 20 152 .

1211 984 157 89 237
1435 986 157 89 VIII
1655 988 145 89 der
1863 990 72 89 4.
1975 991 281 90 Armee
2262 994 17 88 .

2336 996 32 84 -
2432 996 176 84 Abtl
2616 996 20 84 .
2700 996 649 84 Landwirtschaft
3351 996 21 84 .

2093 1216 555 388 Aan
2805 1222 515 388 alle
3477 1227 1651 398 Gemeenten
5173 1241 59 384 !

1484 1832 252 152 Aan
1844 1832 152 152 de
2100 1832 672 152 gemeente
2872 1832 408 152 wordt
3384 1832 628 152 hiermede
4088 1832 624 152 verboden
4800 1832 416 152 iedere
5300 1832 788 152 hoeveelheid

1207 2040 221 140 van
1511 2041 825 144 aardappelen
2427 2045 129 141 te
2635 2046 693 144 verkoopen
3411 2050 229 141 aan
3751 2052 741 143 handelaars
4583 2056 149 140 en
4843 2057 689 143 bijzondere
5639 2061 461 142 zonder

1203 2244 589 143 toelating
1887 2248 229 141 der
2223 2250 1137 147 Kommandantuur
3451 2257 257 142 met
3799 2260 833 144 uitzondering
4743 2265 233 141 aan
5075 2267 465 143 degene
5621 2271 408 142 hande

1197 2440 363 147 laars
1562 2442 44 144 ,
1675 2443 389 146 welke
2159 2447 109 145 in
2367 2448 317 146 bezit
2771 2451 229 146 zijn
3079 2453 233 146 van
3407 2456 233 146 een
3727 2458 417 147 bewijs
4223 2461 225 146 der
4531 2464 1137 151 Kommandantuur
5678 2472 25 144 .

1491 2724 197 141 Dit
1791 2726 345 142 bevel
2231 2729 97 140 is
2423 2730 113 140 in
2635 2731 149 141 de
2863 2733 673 144 gemeente
3647 2738 241 142 aan
3971 2740 241 142 alle
4295 2743 617 143 inwoners
5007 2747 769 146 onmiddelijk
5854 2753 180 142 be

1203 2928 321 153 kend
1607 2930 129 152 te
1831 2932 445 154 maken
2379 2935 149 152 en
2631 2936 293 154 blijft
3011 2939 229 153 van
3323 2941 541 155 werking
3979 2945 197 153 tot
4287 2947 313 153 eene
4695 2949 465 155 andere
5255 2953 825 156 Verordening

1203 3140 465 137 bekend
1767 3146 541 138 gegeven
2395 3153 397 137 wordt
2806 3157 21 132 .

1475 3416 1241 151 Tegenhandelingen
2811 3424 513 147 worden
3435 3428 457 146 nevens
4011 3432 1077 150 beurdverklaring
5207 3439 229 145 der
5554 3441 518 148 aardap

1203 3632 345 135 pelen
1655 3636 713 139 strengelijk
2459 3644 546 136 gestraft
3006 3649 34 132 .

4343 3719 104 120 De
4526 3718 341 121 Etappen
4875 3717 36 120 -
4911 3715 607 123 Kammandant
5507 3715 20 120 ,

4205 3832 171 233 get
4381 3834 26 232 .
4558 3835 1073 243 Wettstein
5653 3846 42 232 .

4898 4074 383 64 LEUTNANT
5282 4074 16 64 .

2794 4168 210 74 Drukk
3010 4168 12 74 .
3062 4169 132 74 Sint
3196 4169 24 74 -
3228 4169 296 75 Antonius
3530 4170 12 74 ,
3582 4171 106 74 Jos
3694 4171 12 74 ,
3746 4171 338 75 Dooreman
4100 4173 24 74 -
4134 4173 336 75 Volckaert
4474 4174 12 74 .
