5640 9026
1310 372 977 240 Ministerie
2449 381 366 235 van
2950 385 1549 244 Wetenschappen

2315 662 224 197 en
2679 640 816 211 Kunsten

496 1152 4816 448 LEERPLICHT

2168 1796 840 112 SCHOOLJAAR
3092 1796 564 112 1916-1917

916 1988 4008 588 BERICHT

1124 2702 560 206 AAN
1792 2702 398 206 DE
2294 2702 2412 206 GEZINSHOOFDEN

4971 2993 145 109 1033

878 5477 28 33 O

630 3332 292 154 Naar
972 3332 214 154 luid
1242 3332 190 154 der
1488 3332 206 154 wet
1742 3332 200 154 van
2000 3332 136 154 19
2190 3332 214 154 Mei
2464 3332 290 154 1914
2760 3332 26 154 ,
2836 3332 196 154 zijn
3096 3332 130 154 de
3276 3332 800 154 gezinshoofden
4128 3332 520 154 verplicht
4630 3332 38 154 ,
4728 3332 600 154 gedurende

500 3464 176 152 het
728 3464 588 152 schooljaar
1368 3464 632 152 1916-1917
2008 3464 20 152 ,
2084 3464 200 152 aan
2340 3464 348 152 hunne
2744 3464 504 152 kinderen
3276 3464 144 152 of
3486 3464 811 152 pleegkinderen
4309 3464 45 152 ,
4387 3464 90 152 in
4568 3464 208 152 den
4852 3464 240 152 loop
5140 3464 192 152 der

468 3600 340 164 jaren
864 3600 284 164 1905
1200 3600 148 164 tot
1364 3600 156 164 en
1576 3600 212 164 met
1857 3600 266 164 1910
2201 3600 430 164 geboren
2645 3600 49 164 ,
2725 3600 549 164 onderwijs
3336 3600 96 164 te
3468 3600 292 164 doen
3825 3600 678 164 verstrekken
4511 3600 29 164 .

636 3736 272 152 Deze
962 3736 700 152 verplichting
1704 3736 308 152 leven
2068 3736 130 152 zij
2243 3736 113 152 na
2412 3736 307 152 hetzij
2776 3736 260 152 door
3078 3736 346 152 hunne
3470 3736 506 152 kinderen
4004 3736 120 152 te
4160 3736 268 152 doen
4464 3736 698 152 onderwijzen
5226 3736 104 152 in

500 3864 260 164 eene
796 3864 540 164 openbare
1380 3864 116 164 of
1540 3864 412 164 private
2000 3864 360 164 school
2408 3864 200 164 van
2660 3864 200 164 den
2916 3864 444 164 lageren
3404 3864 120 164 of
3552 3864 200 164 den
3808 3864 716 164 middelbaren
4596 3864 321 164 graad
4920 3864 44 164 ,
5020 3864 304 164 hetzij

495 4004 261 141 door
795 4005 213 141 hun
1050 4007 797 144 huisonderwijs
1883 4011 105 140 te
2031 4012 701 143 verstrekken
2743 4015 25 140 .

644 4160 282 156 Voor
962 4161 142 156 de
1142 4161 90 157 in
1292 4162 263 157 eene
1600 4163 359 157 lagere
2011 4165 318 157 onder
2382 4166 808 160 Staatstoezicht
3234 4169 424 159 staande
3700 4171 47 156 (
3762 4171 791 160 gemeentelijke
4544 4174 47 156 ,
4594 4174 732 160 aangenomen

496 4344 116 152 of
648 4344 824 152 aanneembare
1492 4344 392 152 lagere
1936 4344 364 152 school
2356 4344 756 152 ingeschreven
3172 4344 515 152 kinderen
3700 4344 37 152 ,
3810 4344 431 152 behoeft
4309 4344 518 152 geenerlei
4898 4344 434 152 kennis

486 4534 392 140 geving
939 4534 255 140 door
1247 4534 129 140 de
1443 4534 390 140 ouders
1891 4534 395 140 gedaan
2304 4534 26 140 .

813 4700 520 152 Evenwel
1350 4700 321 152 moet
1702 4700 203 152 alle
1948 4700 728 152 gezinshoofd
2716 4700 212 152 met
2964 4700 188 152 een
3184 4700 140 152 of
3356 4700 288 152 meer
3708 4700 491 152 kinderen
4293 4700 114 152 of
4468 4700 817 152 pleegkinderen
5297 4700 31 152 ,

503 4884 86 152 --
612 4884 193 152 van
865 4884 45 152 1
960 4884 447 152 Januari
1454 4884 247 152 1905
1765 4884 150 152 tot
1953 4884 114 152 en
2087 4884 238 152 met
2337 4884 169 152 31
2537 4884 582 152 December
3169 4884 254 152 1910
3490 4884 431 152 geboren
4087 4882 131 132 en
4255 4883 221 133 niet
4519 4884 115 132 in
4681 4885 247 133 eene
4975 4887 357 133 lagere

495 5048 329 157 onder
887 5049 809 159 Staatstoezicht
1779 5053 425 157 staande
2267 5055 365 157 school
2716 5056 725 160 ingeschreven
3475 5060 47 156 ,
3547 5059 753 160 onmiddellijk
4387 5063 199 157 aan
4690 5064 642 160 ondergetee

491 5236 421 132 kenden
951 5240 517 132 opziener
1519 5245 285 130 laten
1859 5248 325 130 weten
2231 5251 29 128 :

807 5440 53 156 1
879 5440 25 156 °
959 5440 117 156 In
1147 5441 565 158 WELKE
1787 5443 889 160 INRICHTING
2763 5447 485 158 gemelde
3307 5449 490 159 kinderen
3891 5452 561 158 onderwijs
4499 5454 465 158 genieten
4991 5456 41 156 ;

492 5620 192 148 ofwel
804 5620 60 148 2
876 5620 28 148 °
984 5620 148 148 Of
1164 5620 212 148 hun
1440 5620 1232 148 HUISONDERWIJS
2732 5620 524 148 verstrekt
3308 5620 356 148 wordt
3659 5620 37 148 ;

492 5788 192 168 ofwel
804 5788 44 168 3
876 5788 28 168 °
972 5788 148 168 Of
1204 5788 124 168 zij
1424 5788 104 168 in
1636 5788 188 168 een
1912 5788 188 168 der
2208 5788 476 168 gevallen
2808 5788 573 168 verkeeren
3388 5788 36 168 ,
3552 5788 100 168 in
3764 5788 484 168 dewelke
4388 5788 936 168 LEERPLICHT

1287 5976 685 135 OPHOUDT
2051 5980 193 133 TE
2323 5982 677 135 BESTAAN
3011 5986 25 132 ,
3107 5986 105 132 te
3271 5987 341 134 weten
3659 5989 25 132 :

710 6148 42 96 A
754 6148 26 96 )
828 6148 346 96 Wanneer
1220 6148 72 96 er
1332 6148 212 96 geene
1576 6148 220 96 school
1834 6148 258 96 bestaat
2132 6148 248 96 binnen
2422 6148 130 96 een
2596 6148 256 96 afstand
2894 6148 124 96 van
3060 6148 46 96 4
3152 6148 350 96 kilometer
3546 6148 126 96 van
3720 6148 80 96 de
3848 6148 266 96 woning
4158 6148 122 96 van
4328 6148 112 96 het
4460 6148 189 96 kind
4652 6148 26 96 ;

820 6232 362 102 Wanneer
1192 6232 90 102 de
1318 6232 234 102 ouders
1598 6232 72 102 of
1720 6232 286 102 voogden
2024 6232 30 102 "
2047 6232 684 102 gewetensbezwaren
2780 6232 370 102 aanvoeren
3210 6232 178 102 tegen
3440 6232 120 102 het
3602 6232 260 102 zenden
3898 6232 126 102 van
4064 6232 216 102 hunne
4314 6232 326 102 kinderen
4662 6232 92 102 of
4800 6232 526 102 pleegkinderen

904 6316 176 104 naar
1124 6316 152 104 elke
1324 6316 248 104 binnen
1636 6316 101 104 een
1800 6316 241 104 afstand
2099 6316 113 104 van
2260 6316 48 104 4
2352 6316 352 104 kilometer
2752 6316 120 104 van
2920 6316 220 104 hunne
3188 6316 472 104 verblijfplaats
3708 6316 284 104 gelegen
4028 6316 228 104 school
4280 6316 16 104 ;

708 6396 32 108 c
744 6396 28 108 )
820 6396 348 108 Wanneer
1212 6396 80 108 de
1340 6396 236 108 ouders
1624 6396 72 108 of
1732 6396 296 108 voogden
2076 6396 216 108 geene
2340 6396 176 108 vaste
2564 6396 472 108 verblijfplaats
3080 6396 260 108 hebben
3348 6396 12 108 .
3388 6396 372 108 Wanneer
3804 6396 96 108 zij
3944 6396 228 108 echter
4224 6396 388 108 gedurende
4668 6396 120 108 ten
4836 6396 232 108 minste
5132 6396 196 108 acht

924 6492 83 104 en
1021 6492 27 104 -
1040 6492 258 104 twintig
1344 6492 682 104 achtereenvolgende
2060 6492 218 104 dagen
2324 6492 70 104 in
2440 6492 166 104 eene
2644 6492 348 104 gemeente
3040 6492 345 104 verblijven
3396 6492 27 104 ,
3453 6492 263 104 moeten
3766 6492 220 104 hunne
4012 6492 344 104 kinderen
4350 6492 31 104 ,
4428 6492 100 104 tot
4574 6492 128 104 den
4748 6492 134 104 dag
4926 6492 262 104 waarop
5242 6492 80 104 zij

924 6572 80 104 de
1052 6572 352 104 gemeente
1448 6572 281 104 verlaten
1742 6572 22 104 ,
1808 6572 120 104 het
1972 6572 384 104 onderricht
2396 6572 380 104 ontvangen
2820 6572 68 104 in
2936 6572 168 104 eene
3152 6572 332 104 openbare
3536 6572 72 104 of
3644 6572 252 104 private
3940 6572 222 104 school
4160 6572 20 104 ,
4228 6572 72 104 in
4344 6572 224 104 hunne
4612 6572 260 104 familie
4908 6572 76 104 of
5020 6572 85 104 bij
5175 6572 145 104 par

913 6659 307 88 ticuliere
1262 6668 320 87 meesters
1594 6676 22 80 ;

708 6744 38 108 D
748 6744 26 108 )
820 6744 342 108 Wanneer
1224 6744 112 108 het
1390 6744 162 108 kind
1598 6744 94 108 de
1752 6744 224 108 lagere
2022 6744 224 108 school
2304 6744 194 108 ofwel
2554 6744 80 108 de
2680 6744 264 108 klassen
2988 6744 154 108 voor
3188 6744 378 108 abnormale
3621 6744 314 108 kinderen
3947 6744 32 108 ,
4010 6744 358 108 bestaande
4424 6744 250 108 binnen
4720 6744 124 108 een
4900 6744 260 108 afstand
5206 6744 118 108 van

916 6840 48 100 4
1008 6840 350 100 kilometer
1400 6840 124 100 van
1570 6840 222 100 hunne
1820 6840 286 100 woning
2110 6840 16 100 ,
2178 6840 268 100 wegens
2490 6840 654 100 lichaamsgebreken
3192 6840 72 100 of
3300 6840 572 100 zwakzinnigheid
3914 6840 142 100 niet
4100 6840 134 100 kan
4280 6840 336 100 bezoeken
4640 6840 16 100 ;

489 6962 189 144 ofwel
783 6962 69 142 4
857 6961 29 142 °
949 6960 149 143 of
1139 6959 139 143 hij
1355 6958 201 143 den
1633 6955 489 144 aanvang
2205 6953 199 143 van
2471 6952 211 142 hun
2773 6947 615 146 onderricht
3471 6946 281 143 EEN
3847 6942 391 145 JAAR
4301 6938 755 146 WENSCHT
5129 6936 197 144 TE

1304 7084 873 116 VERTRAGEN
2210 7084 34 116 .

967 7260 78 104 N.
1093 7260 74 104 B.
1197 7260 74 104 --
1336 7260 152 104 Deze
1519 7260 428 104 kennisgeving
1984 7260 161 104 mag
2185 7260 254 104 postvrij
2483 7260 345 104 geschieden
2840 7260 31 104 .
2896 7260 276 104 Daartoe
3211 7260 258 104 schrijve
3472 7260 148 104 men
3651 7260 78 104 op
3775 7260 105 104 het
3911 7260 234 104 omslag
4202 7260 31 104 :
4266 7260 31 104 «
4347 7260 405 104 Staatsdienst
4744 7260 31 104 .
4816 7260 28 104 »

624 7412 156 156 De
852 7412 380 156 ouders
1304 7412 120 156 of
1468 7412 468 156 voogden
2004 7412 160 156 die
2224 7412 172 156 mij
2476 7412 128 156 de
2672 7412 588 156 vereischte
3324 7412 768 156 kennisgeving
4148 7412 216 156 niet
4421 7412 236 156 doen
4732 7412 546 156 toekomen
5286 7412 34 156 ,

492 7548 404 132 moeten
964 7548 212 132 BIJ
1240 7548 288 132 DEN
1596 7548 1216 132 VREDERECUTER
2880 7548 1124 132 AANGEKLAAGD
4032 7548 467 132 worden
4507 7548 33 132 .

628 7676 156 156 Zij
856 7676 420 156 kunnen
1344 7676 444 156 gestraft
1836 7676 432 156 worden
2328 7676 208 156 met
2608 7676 128 156 de
2792 7676 428 156 straffen
3296 7676 177 156 der
3528 7676 716 156 aanplakking
4304 7676 124 156 en
4492 7676 188 156 der
4748 7676 295 156 boete
5053 7676 28 156 .

662 7884 80 114 Ik
795 7884 308 114 herinner
1142 7884 72 114 er
1260 7884 122 114 aan
1432 7884 112 114 dat
1588 7884 118 114 het
1758 7884 130 114 den
1918 7884 530 114 gezinshoofden
2496 7884 116 114 vrij
2660 7884 170 114 staat
2874 7884 220 114 hunne
3142 7884 328 114 kinderen
3526 7884 68 114 in
3658 7884 82 114 de
3796 7884 264 114 scholen
4108 7884 252 114 hunner
4406 7884 212 114 keuze
4660 7884 66 114 te
4772 7884 224 114 sturen
5014 7884 114 114 en
5184 7884 128 114 dat
5286 7884 30 114 ,

492 7968 64 112 te
605 7968 256 112 hunnen
936 7968 284 112 opzichte
1223 7968 33 112 ,
1284 7968 172 112 geen
1512 7968 200 112 enkel
1756 7968 248 112 middel
2066 7968 94 112 van
2236 7968 336 112 drukking
2584 7968 196 112 mag
2832 7968 312 112 gebruikt
3192 7968 268 112 worden
3520 7968 100 112 om
3684 7968 132 112 hun
3860 7968 164 112 eene
4084 7968 216 112 school
4360 7968 80 112 op
4488 7968 68 112 te
4600 7968 238 112 leggen
4841 7968 24 112 ,
4912 7968 212 112 welke
5180 7968 140 112 niet

494 8055 105 87 die
643 8058 269 91 hunner
947 8065 211 90 keuze
1202 8070 123 88 zou
1367 8074 118 87 zijn
1494 8077 26 86 ,

3725 8142 90 91 De
3861 8144 398 95 Kantonnale
4301 8150 295 95 Opziener
4601 8155 25 90 ,

1051 8237 390 104 September
1489 8233 184 99 1916

3708 8312 156 124 DE
3932 8312 512 124 CLERCQ
4452 8312 20 124 ,
4548 8312 104 124 R.

4020 8480 296 101 Sottegem

725 6264 3 36 В

2509 7930 13 43 V
