6068 8726
5320 474 232 189 562

3104 796 128 156 E.
3312 796 144 156 H.
3536 796 148 156 O.
3700 796 24 156 ,
3812 796 240 156 den
4152 796 132 156 6.
4368 796 792 156 September
5232 796 316 156 1940
5572 796 24 156 .

808 1320 568 400 Aan
1536 1320 320 400 de
2016 1320 1496 400 Gemeente
3672 1320 1704 400 Meirelbeke

760 2012 112 136 1.
968 2012 176 136 De
1204 2012 716 136 Gemeente
1980 2012 352 136 heeft
2401 2012 210 136 van
2674 2012 408 136 heden
3192 2012 136 136 af
3420 2012 260 136 met
3776 2012 212 136 het
4084 2012 688 136 inzamelen
4856 2012 228 136 van
5168 2012 392 136 eikels
5576 2012 24 136 ,

604 2220 652 148 kastanjen
1344 2220 152 148 en
1588 2220 872 148 boekennoten
2544 2220 132 148 te
2772 2220 612 148 beginnen
3404 2220 24 148 ,
3540 2220 148 148 en
3800 2220 152 148 de
4064 2220 856 148 ingezamelde
5024 2220 572 148 hoeveel

604 2428 264 156 heid
892 2428 20 156 ,
996 2428 104 156 in
1188 2428 492 156 zuivere
1764 2428 160 156 en
2008 2428 724 156 gedroogde
2812 2428 584 156 toestand
3488 2428 232 156 den
3804 2428 40 156 1
3932 2428 160 156 en
4172 2428 156 156 15
4388 2428 244 156 van
4720 2428 348 156 ieder
5152 2428 448 156 maand

592 2636 240 160 aan
936 2636 152 160 de
1204 2636 580 160 Etappen
1800 2636 52 160 -
1876 2636 1164 160 Kommandantuur
3052 2636 20 160 ,
3180 2636 1384 160 Landwirtschaftliche
4668 2636 892 160 Betriebstelle
5568 2636 32 160 ,

591 2856 137 128 af
807 2857 137 128 te
1039 2858 509 130 leveren
1571 2860 25 128 .

739 3100 128 125 2.
963 3102 165 125 Er
1215 3104 425 127 wordt
1723 3108 493 129 betaald
2271 3113 25 124 :

1303 3322 70 145 a
1383 3321 42 145 )
1499 3317 306 148 voor
1884 3311 382 149 eikels

1312 3532 64 140 b
1388 3532 36 140 )
1500 3532 304 140 voor
1900 3532 680 140 kastanjen

1299 3747 73 140 c
1379 3747 41 140 )
1495 3744 309 142 voor
1883 3738 881 146 boekennoten

3139 3312 209 145 Mk
3366 3313 21 144 .
3471 3314 409 147 14,00
3967 3317 229 145 per
4307 3320 281 146 100
4651 3322 161 145 kg
4830 3323 21 144 .

3141 3516 202 148 Mk
3361 3521 27 145 .
3488 3524 388 152 11,00
4323 3540 105 108 id
4447 3540 25 108 .

3142 3730 208 143 Mk
3365 3733 20 140 .
3448 3735 454 146 45,00
4349 3756 106 101 id
4478 3757 21 100 .

727 3976 133 144 3.
947 3976 333 145 Voor
1387 3978 213 145 het
1695 3979 685 146 inzamelen
2479 3982 509 146 kunnen
3099 3984 397 145 onder
3583 3986 357 145 meer
3955 3987 21 144 ,
4075 3988 873 147 arbeidslooze
5031 3991 573 146 gebruikt

571 4196 541 134 worden
1127 4198 25 132 ,
1223 4199 517 135 alsook
1775 4201 537 135 kinders
2419 4204 333 134 binst
2847 4207 405 133 hunne
3343 4209 301 133 vrije
3747 4211 309 133 uren
4079 4213 21 132 .

755 4420 136 121 4.
987 4421 113 121 In
1235 4423 421 123 iedere
1791 4427 713 125 Gemeente
2627 4433 101 121 is
2847 4435 145 121 er
3143 4436 241 138 een
3523 4439 713 144 bijzondere
4355 4448 549 142 persoon
5035 4455 265 139 met
5419 4458 217 139 het

614 4608 613 159 inrichten
1325 4616 230 154 van
1646 4619 217 155 het
1958 4623 685 160 inzamelen
2729 4631 238 155 aan
3061 4635 134 154 te
3285 4638 450 157 stellen
3754 4643 26 152 .
3898 4644 257 156 Den
4248 4648 328 156 naam
4713 4654 226 154 van
5037 4657 194 155 die
5324 4660 218 155 per

607 4840 321 150 soon
1019 4842 97 149 is
1207 4844 377 150 tegen
1671 4847 153 149 10
1887 4848 381 150 dezer
2327 4851 486 151 maand
2805 4855 40 148 ,
2907 4855 737 153 schriftelijk
3707 4861 237 149 aan
4031 4863 153 148 de
4280 4864 560 153 Etappen
4872 4869 45 148 -
4918 4869 682 153 Komman

608 5052 536 140 dantuur
1156 5052 20 140 ,
1276 5052 136 140 te
1512 5052 496 140 melden
2036 5052 16 140 .

898 5292 242 139 Het
1234 5296 1257 151 Gemeentebestuur
2586 5312 97 138 is
2781 5315 302 140 voor
3182 5320 233 139 den
3501 5324 478 142 goeden
4065 5330 322 141 gang
4470 5335 390 142 zijner
4954 5341 649 144 inrichting

602 5512 365 136 mede
1057 5517 1187 147 verantwoordelijk
2262 5532 22 132 .

742 5792 130 141 5.
966 5794 705 149 Inzamelen
1757 5804 310 144 voor
2145 5809 354 144 eigen
2585 5814 523 146 gebruik
3194 5821 101 142 is
3373 5823 646 148 verboden
4038 5831 22 140 .

739 6080 128 149 6.
951 6082 1281 160 Tegenhandelingen
2347 6095 385 152 tegen
2867 6100 297 151 deze
3283 6103 918 157 voorschriften
4221 6112 35 148 ,
4371 6114 437 152 alsook
4931 6119 380 152 tegen
5447 6124 152 150 de

595 6288 677 154 uitvoering
1375 6294 229 150 der
1687 6296 653 154 inrichting
2362 6302 21 148 ,
2443 6302 525 153 worden
3035 6307 557 152 bestraft
3675 6312 261 150 met
3991 6315 669 154 geldboete
4739 6321 193 149 tot
4987 6323 301 150 500
5347 6326 205 149 Mk
5566 6327 25 148 .

591 6496 133 148 of
795 6497 929 153 gevangzitting
1795 6503 197 149 tot
2071 6504 93 149 3
2255 6505 625 152 maanden
2898 6509 21 148 .

871 6744 657 151 Verboden
1615 6751 912 154 inzamelingen
2610 6762 525 149 worden
3218 6768 626 151 verbeurd
3926 6775 658 152 verklaard
4606 6783 21 144 .

3800 7092 108 120 De
3976 7092 341 120 Etappen
4351 7092 30 120 -
4384 7092 609 120 Kammandant
4979 7092 30 120 ,

4392 7274 72 50 A.
4530 7275 62 50 B.

3958 7386 964 120 WETTSTEIN

4270 7562 412 60 LRUTNANT

2208 7794 218 86 Drukk
2432 7794 12 86 .
2484 7794 134 86 Sint
2620 7794 26 86 -
2652 7794 304 86 Antonius
2960 7794 14 86 ,
3014 7794 108 86 Jos
3128 7794 12 86 ,
3180 7794 348 86 Dooreman
3542 7794 26 86 -
3578 7794 340 86 Volckaert
3926 7794 12 86 .
