8759 5697
7379 750 300 164 587

1472 896 272 280 Mob
1760 896 24 280 .
1885 896 561 280 Etappen
2450 896 84 280 -
2501 896 1177 280 Kommandantuur
3674 896 46 280 .

3547 973 157 165 .

1528 1204 188 120 287
1792 1205 192 120 VIII
2064 1206 168 120 der
2308 1206 84 121 4.
2444 1207 333 121 Armee
2774 1208 30 120 .
2872 1209 44 120 -
2992 1209 80 120 J.
3120 1209 130 121 Nr
3244 1210 28 120 .
3320 1210 292 121 13959
3620 1211 20 120 .

4400 1080 144 184 E.
4616 1080 400 184 H.O.
5032 1080 32 184 ,
5136 1080 280 184 den
5520 1080 280 184 20.
5872 1080 912 184 September
6872 1080 368 184 1916
7264 1080 24 184 .

2798 1472 3170 481 BEKENDMAKING

1799 2204 821 171 Aangezien
2759 2208 173 169 er
3059 2210 261 169 kan
3475 2212 837 172 onderstelt
4443 2217 617 171 worden
5082 2220 29 168 ,
5239 2221 253 169 dat
5635 2222 889 173 vijandelijke
6595 2228 697 171 vliegers

1470 2464 445 168 graan
1939 2464 498 168 mijten
2548 2464 368 168 door
2993 2464 580 168 middel
3656 2464 268 168 van
4044 2464 684 168 bommen
4859 2464 668 168 trachten
5636 2464 144 168 in
5886 2464 478 168 brand
6424 2464 192 168 te
6652 2464 580 168 steken
7257 2464 39 168 ,

1476 2712 576 180 moeten
2168 2712 272 180 alle
2552 2712 463 180 mijten
3048 2712 40 180 ,
3184 2712 472 180 welke
3789 2712 284 180 zich
4195 2712 166 180 op
4477 2712 256 180 het
4855 2712 514 180 gebied
5488 2712 268 180 der
5880 2712 796 180 gemeente
6799 2712 485 180 bevin

1468 2956 272 176 den
1764 2956 24 176 ,
1912 2956 300 176 met
2332 2956 528 176 takken
2908 2956 8 176 .
2996 2956 536 176 bedekt
3638 2956 605 176 worden
4286 2956 52 176 ,
4444 2956 232 176 om
4839 2956 162 176 op
5155 2956 364 176 deze
5618 2956 571 176 manier
6332 2956 440 176 tegen
6916 2956 384 176 zicht

4270 2966 43 162 ,

1467 3210 1065 165 gewaarborgd
2643 3208 157 161 te
2907 3206 269 161 zijn
3204 3206 25 160 .

1811 3440 367 169 Voor
2287 3442 201 169 dit
2591 3444 761 171 doeleinde
3471 3448 489 170 wordt
4095 3451 953 172 aanbevollen
5070 3456 25 168 ,
5207 3457 249 169 het
5567 3458 417 170 kruid
6111 3461 265 169 van
6519 3463 177 169 de
6825 3464 455 171 uitge

1464 3688 512 184 dolven
2096 3688 984 184 aardappelen
3200 3688 344 184 mits
3648 3688 632 184 hetgeen
4392 3688 176 184 de
4688 3688 496 184 mijten
5280 3688 184 184 de
5568 3688 408 184 kleur
6072 3688 272 184 van
6440 3688 272 184 den
6832 3688 456 184 grond

1468 3948 828 156 aannemen
2320 3948 24 156 .

1795 4192 285 168 Tot
2167 4193 229 169 10.
2467 4194 681 170 Oktober
3235 4197 373 169 1916
3719 4198 117 169 is
3927 4199 149 168 te
4191 4200 546 170 melden
4763 4202 41 168 ,
4907 4203 153 168 of
5139 4203 181 169 de
5415 4204 845 171 vereischte
6355 4208 929 171 schikkingen

1472 4432 724 172 genomen
2308 4432 268 172 zijn
2600 4432 28 172 .
2990 4440 49 160 (
3049 4440 205 162 Et
3247 4441 49 160 .
3359 4442 407 163 T.B.
3785 4444 448 163 813/2
4287 4447 49 160 )

4871 4613 172 274 De
5136 4607 536 278 Etappen
5683 4606 84 273 -
5757 4595 1172 284 Kommandantuur
6935 4594 59 273 .

545 3709 11 17 6

3372 4998 240 90 Drukk
3627 4998 19 90 .
3688 4998 165 90 Sint
3862 4998 23 90 -
3896 4998 356 90 Antonius
4244 4998 23 90 ,
4306 4998 140 90 Jos
4444 4998 20 90 ,
4496 4998 408 90 Dooreman
4944 4998 20 90 -
4989 4998 381 90 Volckaert
5372 4998 20 90 .
