6359 9510
910 440 570 267 MOB
1494 443 58 264 .
1798 445 1186 271 ETAPPEN
3088 453 69 264 -
3153 453 2279 278 KOMMANDANTUR

2400 744 672 240 2378
3232 744 240 240 A.
3632 744 248 240 K.

5612 690 194 126 555

3464 1112 368 160 Gent
3836 1112 28 160 ,
3992 1112 272 160 den
4368 1112 632 160 Oktober
5128 1112 376 160 1916
5524 1112 16 160 .

744 1400 96 184 1.
944 1400 632 184 Wegens
1664 1400 728 184 schuldige
2488 1400 1200 184 tegenhandeling
3792 1400 424 184 tegen
4296 1400 176 184 de
4560 1400 976 184 Verordening
5624 1400 256 184 der

407 1624 614 194 Etappen
1048 1626 46 192 -
1098 1626 1254 198 Kommandantur
2399 1631 369 193 Gent
2815 1633 273 192 van
3143 1634 209 193 17.
3415 1635 137 192 7.
3631 1636 353 193 1916
4039 1637 577 194 worden
4679 1640 169 192 de
4895 1641 153 192 in
5095 1641 777 195 bijgevoeg

400 1872 168 180 de
604 1872 288 180 lijst
936 1872 888 180 aangeduide
1848 1872 992 180 landbouwers
2868 1872 248 180 der
3175 1872 715 180 gemeente
3948 1872 804 180 Merelbeke
4816 1872 292 180 met
5156 1872 168 180 de
5368 1872 508 180 daarin

399 2088 905 187 aangegeven
1351 2092 737 187 geldboete
2135 2095 589 186 gestraft
2722 2098 46 184 .
2807 2098 161 184 In
3023 2099 401 185 geval
3471 2101 785 187 genaamde
4311 2104 689 187 personen
5047 2108 241 184 het
5343 2109 529 186 bedrag

397 2316 295 171 niet
754 2319 585 174 kunnen
1405 2325 542 174 storten
1993 2331 227 170 zal
2310 2334 465 173 iedere
2842 2339 90 169 5
3002 2340 426 173 Mark
3489 2345 738 175 geldboete
4314 2353 345 171 door
4717 2357 258 170 een
5034 2360 277 171 dag
5395 2363 431 172 gevan

391 2560 409 177 genis
855 2562 577 178 worden
1487 2565 780 179 vervangen
2295 2568 34 176 .
2423 2569 185 177 De
2655 2570 721 179 betichten
3439 2574 545 178 hebben
4047 2577 377 177 allen
4487 2579 425 177 tegen
4975 2581 169 176 de
5207 2582 665 180 verplich

383 2804 329 177 ting
755 2805 461 178 welke
1259 2808 301 177 hun
1591 2809 581 179 volgens
2219 2812 449 178 boven
2715 2815 929 179 aangegeven
3675 2819 949 180 verordening
4655 2824 217 176 tot
4915 2825 637 178 levering
5595 2828 281 177 van

395 3032 169 172 de
623 3033 149 173 in
835 3034 169 173 de
1079 3036 293 173 lijst
1463 3038 885 176 aangeduide
2435 3043 1029 179 hoeveelheden
3555 3050 285 174 van
3903 3052 465 174 eieren
4467 3055 337 173 voor
4867 3057 169 173 de
5119 3059 261 173 tijd
5427 3060 273 174 van
5775 3062 89 173 8

400 3272 216 192 tot
680 3272 176 192 14
920 3272 640 192 Oktober
1632 3272 368 192 1916
2048 3272 296 192 was
2392 3272 678 192 opgelegd
3075 3272 45 192 ,
3184 3272 144 192 in
3376 3272 736 192 schuldige
4200 3272 400 192 wijze
4712 3272 784 192 heelemaal
5584 3272 296 192 niet

395 3512 157 164 of
615 3513 153 164 in
827 3513 257 165 een
1167 3515 553 166 minder
1779 3518 385 165 getal
2227 3520 657 166 geleverd
2947 3523 281 165 dan
3291 3524 165 165 zij
3524 3525 622 167 moesten
4177 3528 27 164 .

727 3736 385 178 Voor
1207 3739 385 178 ieder
1695 3743 129 177 ei
1927 3744 249 178 dat
2287 3747 145 177 te
2551 3749 521 180 weinig
3159 3753 657 181 geleverd
3919 3759 393 179 werd
4318 3762 33 176 ,
4463 3763 465 179 wordt
5047 3767 337 179 eene
5471 3770 409 180 boete

392 3982 282 170 van
780 3982 64 170 1
966 3982 426 170 Mark
1496 3982 622 170 geeischt
2130 3982 20 170 .

740 4224 128 176 2.
964 4224 316 176 Aan
1395 4224 162 176 de
1676 4224 752 176 gemeente
2524 4224 456 176 wordt
3088 4224 588 176 bevolen
3776 4224 28 176 :

391 4440 281 176 aan
791 4441 273 177 alle
1127 4443 1145 180 gemeenteleden
2286 4448 25 176 ,
2375 4448 185 177 bij
2687 4449 449 178 wiens
3199 4451 425 179 naam
3711 4453 153 177 in
3951 4454 169 177 de
4183 4455 289 178 lijst
4535 4457 169 176 de
4799 4458 729 179 geldboete
5599 4461 289 177 met

399 4684 443 173 roode
931 4686 497 174 schrift
1527 4688 913 175 aangegeven
2547 4692 117 172 is
2671 4693 29 172 ,
2819 4693 329 173 deze
3235 4695 945 175 verordening
4279 4699 181 172 en
4567 4700 173 173 de
4827 4701 401 174 boete
5327 4703 557 174 bekend

391 4912 145 176 te
627 4913 521 179 maken
1239 4916 177 178 en
1503 4918 169 177 zij
1771 4919 181 178 op
2039 4921 341 177 eene
2443 4923 681 179 bepaalde
3183 4927 285 178 dag
3527 4929 177 177 en
3795 4930 281 177 uur
4131 4932 145 176 in
4371 4933 245 177 het
4711 4935 1173 183 gemeentenhuis

392 5152 144 184 te
640 5152 485 184 roepen
1164 5152 36 184 .
1264 5152 200 184 De
1536 5152 280 184 dag
1904 5152 176 184 en
2168 5152 256 184 het
2480 5152 280 184 uur
2824 5152 336 184 voor
3256 5152 328 184 deze
3656 5152 952 184 vergadering
4696 5152 456 184 wordt
5256 5152 344 184 door
5704 5152 176 184 de

406 5368 1253 177 Kommandantur
1666 5385 38 160 -
1714 5386 853 171 Patrouilles
2682 5399 554 167 bekend
3325 5408 634 168 gegeven
3973 5416 22 160 .

727 5624 205 173 De
1051 5625 641 176 betaling
1807 5630 249 173 der
2159 5632 409 173 boete
2655 5634 401 174 heeft
3155 5637 521 175 zonder
3791 5641 489 174 uitstel
4399 5644 177 174 op
4691 5646 209 173 dit
5011 5648 633 175 tijdpunt
5739 5652 149 172 te

395 5844 841 190 geschieden
1250 5850 21 184 .
1375 5851 453 186 Alwie
1931 5855 301 186 niet
2335 5858 349 186 stipt
2787 5861 545 187 betaalt
3443 5866 469 187 wordt
4015 5870 565 187 wegens
4737 5875 1151 193 ongehoorzaam

399 6080 321 185 heid
791 6082 497 188 jegens
1391 6086 209 185 dit
1711 6088 401 187 bevel
2231 6092 289 186 met
2623 6095 249 185 het
2999 6097 857 191 vijfvoudige
3975 6104 545 188 bedrag
4615 6108 609 188 gestraft
5327 6113 249 185 dat
5687 6115 185 185 hij

396 6332 452 128 moest
936 6332 568 128 betalen
1520 6332 16 128 ,

735 6552 937 182 Reclamaties
1807 6559 417 180 tegen
2375 6564 177 177 de
2711 6566 937 183 vastgestelde
3791 6574 593 181 straffen
4519 6579 569 181 worden
5231 6585 145 177 in
5527 6587 353 179 geen

392 6784 400 185 geval
925 6792 146 182 in
1188 6796 959 194 aanmerking
2264 6812 687 190 genomen
2972 6823 23 180 .

735 7024 120 176 3.
959 7025 529 178 Wordt
1615 7028 737 179 nogmaals
2503 7032 1161 182 gewaarschuwd
3799 7039 249 177 dat
4151 7041 193 176 hij
4471 7042 953 181 voortgezette
5535 7047 345 178 min

395 7260 893 175 derlevering
1375 7263 277 173 van
1743 7265 469 173 eieren
2319 7267 173 172 en
2583 7268 389 173 melk
3099 7270 153 172 in
3355 7271 581 174 vervolg
4039 7274 177 172 op
4331 7275 609 174 hoogere
5043 7278 829 174 geldboeten

391 7488 177 184 en
663 7489 241 185 zoo
1007 7490 241 185 het
1375 7492 433 186 zoude
1911 7494 521 186 noodig
2535 7497 265 185 zijn
2969 7499 820 188 gelijktijdig
3943 7503 185 185 op
4239 7504 1257 191 vrijheidsstraffen
5655 7511 233 185 zal

396 7740 640 140 herkend
1156 7740 572 140 worden
1740 7740 24 140 .

747 7972 293 184 Alle
1220 7972 2280 184 gemeentevertegenwoordigers
3664 7972 568 184 worden

4413 7989 291 144 van

5224 7980 162 129 af
5533 7990 342 134 voor

400 8200 424 184 stipte
944 8200 744 184 bevolging
1816 8200 264 184 van
2224 8200 272 184 alle
2616 8200 624 184 gegeven
3368 8200 568 184 bevelen
4040 8200 176 184 en
4328 8200 1112 184 verordeningen
5568 8200 304 184 mee

399 8432 1337 185 verantwoordelijk
1835 8441 685 181 gemaakt
2530 8446 21 176 .

3519 8608 205 142 DE
3818 8610 611 144 ETAPPEN
4484 8615 40 140 -
4521 8615 981 146 KOMMANDANT
5496 8622 40 140 ,

4469 6500 17 37 1

4860 7994 207 141 nu
5218 7972 172 139 af

408 8972 284 112 Drukk
708 8972 16 112 .
788 8972 94 112 St
897 8972 25 112 -
925 8972 344 112 Antonis
1267 8972 25 112 ,
1348 8972 144 112 Jos
1504 8972 8 112 .
1597 8972 428 112 Dooreman
2035 8972 33 112 -
2085 8972 425 112 Volckaert
2503 8972 21 112 .

3512 8876 88 243 (
3520 8864 448 255 st
3929 8863 75 242 .
3996 8861 75 242 )
4215 8844 344 251 VON
4718 8814 722 264 WICK
5509 8810 65 242 .
