5944 8801
819 437 3147 1407 BELANGRIJK
3507 428 5060 1396 BERICHT

3458 456 5176 1403 .

5307 1145 5469 1255 551

720 1500 1036 1724 Het
1172 1500 1988 1724 schrijven
2124 1500 2272 1724 N
2280 1500 2312 1724 '
2404 1500 2876 1724 6666
2992 1500 3312 1724 van
3428 1500 3632 1724 de
3744 1500 3940 1724 Et
3948 1500 3980 1724 .
4088 1500 5052 1724 Inspektion
5164 1500 5460 1724 der

2149 1470 2219 1697 N

488 1728 592 1952 4
672 1728 1264 1952 Armee
1272 1728 1304 1952 ,
1384 1728 3200 1952 Landwirtschaftliche
3360 1728 4248 1952 Abteilung
4256 1728 4280 1952 ,
4432 1728 4832 1952 luidt
4976 1728 5016 1952 :

976 2056 1224 2376 Aan
1368 2056 1496 2376 de
1640 2056 2840 2376 Politiekommissaris
2976 2056 3144 2376 DE
3296 2056 3600 2376 MEY
3538 2056 3624 2376 ,
3768 2056 3880 2376 in
4016 2056 4744 2376 Meirelbeke

772 2456 928 2628 In
1012 2456 1172 2628 de
1272 2456 2128 2628 verordering
2212 2456 2472 2628 van
2576 2456 2732 2628 15
2836 2456 3584 2628 November
3700 2456 4044 2628 1916
4144 2456 4456 2628 over
4552 2456 4780 2628 het
4884 2456 5456 2628 gebruik

460 2644 720 2820 van
776 2644 936 2820 de
1010 2644 2050 2820 witloofwortels
2072 2644 2124 2820 ,
2148 2644 2256 2820 is
2308 2644 2456 2820 er
2528 2644 3072 2820 bevolen
3152 2644 3728 2820 geweest
3820 2644 4056 2820 dat
4112 2644 4272 2820 de
4324 2644 4860 2820 geheele
4950 2644 5464 2820 wortel

459 2841 1176 3015 opbrengst
1271 2838 1844 3012 dadelijk
1931 2837 2104 3010 na
2183 2836 2412 3009 het
2467 2833 3244 3008 wegnemen
3339 2832 3600 3004 van
3655 2831 3812 3003 de
3915 2829 4344 3002 eerste
4451 2826 5088 3000 bladeren
5143 2824 5456 2997 voor

456 3008 904 3192 salade
984 3008 1240 3192 aan
1352 3008 1512 3192 de
1608 3008 2190 3192 Etappen
2222 3008 2265 3192 -
2277 3008 3528 3192 Kommandantuur
3632 3008 3880 3192 dus
3984 3008 4240 3192 aan
4344 3008 4504 3192 de
4608 3008 5456 3192 aangestelde

452 3200 968 3360 ALBERT
1068 3200 2024 3360 MASUREEL
2108 3200 2236 3360 in
2308 3200 3108 3360 Meirelbeke
3212 3200 3852 3360 verkocht
3944 3200 4300 3360 moet
4404 3200 4948 3360 worden
4956 3200 4980 3360 .

712 3428 1552 3632 MASUREEL
1692 3428 2316 3632 bericht
2460 3428 2756 3632 ons
2880 3428 3100 3632 nu
3232 3428 3504 3632 dat
3644 3428 4456 3632 volgende
4604 3428 5464 3632 kweekers

455 3677 776 3887 van
923 3673 1568 3885 witloof
1683 3670 2016 3880 nog
2179 3666 2700 3877 geene
2867 3662 3528 3873 wortels
3699 3656 4352 3869 hebben
4503 3651 5284 3864 geleverd
5423 3651 5456 3859 :

4521 3715 4575 3875 ៩

772 3928 1568 4088 BAETENS
1704 3928 2212 4088 PETRUS
2220 3928 2248 4088 ,
2400 3928 2824 4088 DICK
2960 3928 3468 4088 PETRUS
3480 3928 3504 4088 ,
3632 3928 3856 4088 DE
3996 3928 4732 4088 BRUYNE
4832 3928 5420 4088 STEPHAN
5428 3928 5452 4088 ,

461 4133 689 4275 DE
869 4117 1843 4270 BRUYCKER
2044 4112 2397 4268 REMI
2388 4112 2424 4268 ,
2588 4112 3756 4268 DOBBELAERE
3944 4112 4428 4268 JOSEPH
4440 4112 4464 4268 ,
4636 4112 5456 4268 DERAEDT

460 4296 982 4468 PETRUS
968 4296 1004 4468 ,
1088 4296 1316 4468 DE
1396 4296 1732 4468 VOS
1816 4296 2408 4468 GUSTAAF
2416 4296 2444 4468 ,
2512 4296 3260 4468 LEYMAN
3340 4296 3865 4468 AUGUST
3867 4296 3905 4468 ,
3996 4296 4744 4468 LEYMAN
4832 4296 5417 4468 GUSTAAF
5417 4296 5453 4468 ,

463 4500 1180 4651 LATEUR
1263 4499 1700 4648 MARIE
1707 4498 1736 4646 ,
1811 4494 2720 4646 LEMAITRE
2803 4492 3284 4642 JOSEPH
3291 4492 3316 4640 ,
3379 4489 4132 4639 SEMOISE
4229 4485 4740 4636 ALFONS
4736 4486 4781 4634 ,
4855 4483 5398 4633 SCHOL

459 4686 1040 4855 LAERT
1139 4684 1492 4853 LEON
1503 4684 1528 4852 ,
1631 4680 2532 4851 SCHEPENS
2611 4678 3116 4848 OCTAAF
3123 4678 3148 4846 ,
3231 4672 4816 4845 VANDENBROUCKE
4911 4670 5424 4839 ALFONS
5427 4669 5456 4837 ,

455 4884 1505 5031 VLEURINCK
1702 4876 2099 5017 ALOIS
2106 4881 2132 5017 ,
2315 4865 3512 5003 VANDEVELDE
3702 4860 4019 5004 WWE
4174 4866 4823 5015 GODFROID
4830 4875 4856 5015 ,
5065 4872 5397 4999 VAN

463 5065 1040 5215 DAELE
1099 5063 1676 5213 PROSPER
1683 5062 1708 5210 ,
1815 5059 2519 5210 VANDER
2595 5053 3584 5206 STICHELEN
3663 5052 4184 5202 ALFONS
4168 5051 4208 5199 ,
4263 5046 5456 5199 VANDEPUTTE

461 5253 981 5415 ALFONS
980 5253 1029 5413 ,
1079 5246 2272 5412 VANDEVELDE
2359 5243 3032 5406 PHILEMON
3039 5242 3064 5402 ,
3155 5236 4120 5402 VERDONCK
4199 5235 4592 5396 JOZEF
4600 5234 4625 5394 ,
4711 5229 5452 5394 VANDEN

460 5448 1160 5584 BULCKE
1276 5448 1794 5584 AUGUST
1802 5448 1832 5584 .

767 5658 964 5831 Gij
1067 5656 1500 5830 wordt
1591 5653 2208 5827 verzocht
2299 5651 2460 5824 de
2567 5647 3260 5822 kweekers
3363 5646 3500 5819 te
3611 5643 4152 5817 bevelen
4247 5642 4416 5814 da
4435 5639 4832 5814 delijk
4927 5638 5204 5811 met
5299 5637 5460 5809 de

455 5850 1040 6023 levering
1151 5848 1280 6017 te
1391 5841 2048 6015 beginnen
2151 5839 2384 6009 zoo
2495 5835 2776 6006 niet
2871 5833 3024 6002 zij
3143 5827 3704 6000 gestraft
3799 5822 4307 5994 worden
4326 5822 4360 5990 .

3076 6048 3460 6188 DER
3608 6048 4567 6188 VORSTAND
4650 6048 4684 6188 :

3719 6214 3844 6343 I.
3967 6213 4093 6342 V.

2954 6406 3306 6673 Get
3315 6409 3363 6673 .
3546 6411 4682 6684 HOLSTER
4697 6421 4749 6685 ,

3552 6704 4231 6840 Leutnant
4224 6704 4256 6840 .

776 6984 1252 7144 Gezien
1336 6984 1528 7144 dit
1628 6984 2276 7144 schrijven
2332 6984 2496 7144 en
2580 6984 2740 7144 de
2848 6984 3116 7144 lijst
3212 6984 3532 7144 door
3616 6984 3756 7144 M
3764 6984 3800 7144 "
3856 6984 4824 7144 MASUREEL
4864 6984 5448 7144 gegeven

467 7177 1028 7335 verzoek
1107 7176 1256 7332 ik
1311 7175 1552 7332 dus
1563 7174 1584 7330 ,
1651 7172 2032 7330 langs
2111 7171 2424 7328 deze
2507 7169 2804 7326 weg
2811 7169 2832 7325 ,
2895 7166 3532 7324 diegenen
3619 7163 4040 7321 welke
4123 7162 4324 7318 tot
4407 7159 4916 7317 hiertoe
5007 7157 5440 7314 hunne

468 7340 1504 7520 witloofwortels
1560 7340 1836 7520 niet
1913 7340 2490 7520 leverden
2523 7340 2577 7520 ,
2596 7340 3508 7520 onmiddellijk
3564 7340 3724 7520 de
3780 7340 4376 7520 levering
4432 7340 4692 7520 aan
4784 7340 4916 7520 M
4924 7340 4960 7520 "
5010 7340 5452 7520 Masu

472 7536 736 7708 reel
836 7536 1304 7708 Albert
1380 7536 1516 7708 te
1596 7536 2221 7708 beginnen
2241 7536 2284 7708 ,
2376 7536 2700 7708 daar
2784 7536 3260 7708 anders
3344 7536 3656 7708 erge
3764 7536 5192 7708 onaangenaamheden
5284 7536 5440 7708 de

2268 7543 2296 7716 ,

467 7730 1466 7915 weerspannige
1564 7717 2031 7892 wacht
2012 7717 2044 7882 .

2707 7871 2896 8023 De
3007 7869 3333 8022 Adjkt
3431 7863 4632 8020 Politiekommissaris
4637 7863 4672 8015 ,

2920 8040 3136 8234 P.
3294 8040 3652 8234 DE
3792 8040 4383 8234 MEY
4391 8040 4440 8234 .

4606 8294 4611 8312 6

1715 8338 1967 8441 Drukk
1973 8338 1993 8440 .
2051 8338 2121 8440 St
2173 8336 2527 8439 Antonius
2531 8336 2551 8438 ,
2607 8335 2735 8437 Jos
2747 8335 2755 8437 .
2811 8333 3195 8436 Dooreman
3230 8333 3258 8435 -
3263 8331 3645 8434 Volckaert
3637 8331 3665 8433 ,
3719 8329 4149 8432 Meirelbeke
4152 8328 4175 8430 .
