6219 8754
5699 680 204 170 556

729 776 256 224 Mob
988 776 67 224 .
1084 776 484 224 Etappen
1576 776 32 224 -
1616 776 1012 224 Kommandantuur
2640 776 20 224 .

980 823 42 140 .

3148 928 124 140 E.
3368 928 140 140 H.
3600 928 144 140 O.
3764 928 24 140 ,
3880 928 236 140 den
4220 928 124 140 11
4424 928 724 140 November
5236 928 320 140 1916
5572 928 24 140 .

840 1056 160 108 237
1004 1056 20 108 ,
1064 1056 164 108 VIII
1268 1056 148 108 der
1452 1056 76 108 4.
1560 1056 288 108 Armee
1852 1056 20 108 .

2047 1068 68 88 J.
2175 1069 109 89 Nr
2286 1070 21 88 .
2363 1070 245 90 4.073
2610 1073 21 88 .

1596 1408 548 381 Aan
2292 1414 540 381 alle
2988 1421 1684 392 Gemeenten

911 2120 253 160 Het
1291 2121 101 160 is
1495 2122 613 162 gebleken
2131 2125 21 160 ,
2263 2125 221 161 dat
2583 2127 157 160 de
2859 2128 882 164 Arbeidslooze
3776 2132 38 160 -
3838 2132 400 163 lijsten
4250 2134 38 160 ,
4423 2135 193 160 die
4747 2136 905 164 grootendeels

611 2412 513 161 volgens
1243 2414 157 160 de
1519 2415 409 162 lijsten
2039 2417 233 161 van
2403 2419 213 160 het
2715 2420 653 163 Nationaal
3491 2423 601 162 Komiteit
4199 2426 777 163 opgemaakt
5075 2430 521 161 worden
5619 2432 21 160 ,

616 2708 252 144 niet
968 2708 304 144 juist
1388 2708 203 144 zijn
1622 2708 34 144 .
1792 2708 216 144 Die
2128 2708 412 144 lijsten
2664 2708 228 144 van
3024 2708 208 144 het
3320 2708 660 144 Nationaal
4080 2708 596 144 Komiteit
4756 2708 220 144 zijn
5072 2708 256 144 niet
5415 2708 201 144 be

603 2988 745 147 trouwbaar
1359 2991 25 144 .
1507 2992 977 148 Vaststellingen
2575 2997 481 146 hebben
3147 2999 585 147 bewezen
3755 3002 21 144 ,
3867 3003 221 145 dat
4211 3004 593 147 misbruik
4899 3008 153 144 en
5167 3009 473 146 bedrog

615 3284 265 136 met
995 3285 153 137 de
1267 3286 1165 141 ondersteuningen
2559 3292 417 137 plaats
3099 3294 477 138 hebben
3699 3297 401 137 gehad
4123 3299 21 136 .

904 3604 176 156 De
1200 3604 760 156 gemeenten
2080 3604 520 156 worden
2724 3604 636 156 daardoor
3436 3604 620 156 verplicht
4072 3604 20 156 ,
4180 3604 200 156 om
4472 3604 224 156 van
4784 3604 236 156 alle
5111 3604 525 156 manne

608 3892 276 156 lijke
1008 3892 628 156 personen
1764 3892 316 156 huns
2164 3892 516 156 gebieds
2700 3892 20 156 ,
2812 3892 228 156 van
3112 3892 172 156 17
3372 3892 200 156 tot
3648 3892 200 156 45
3920 3892 360 156 jaren
4304 3892 20 156 ,
4452 3892 316 156 eene
4888 3892 252 156 lijst
5248 3892 152 156 op
5504 3892 140 156 te

611 4176 449 149 maken
1187 4178 261 149 met
1563 4180 481 149 opgave
2163 4182 137 149 of
2407 4183 193 149 die
2727 4185 625 150 personen
3463 4188 701 151 ongehuwd
4263 4191 137 149 of
4507 4192 529 150 gehuwd
5123 4195 202 149 zijn
5359 4196 37 148 ,
5487 4197 153 148 en

592 4436 512 160 hoeveel
1224 4436 588 160 kinderen
1936 4436 144 160 zij
2210 4436 483 160 hebben
2716 4436 48 160 ,
2864 4436 132 160 of
3108 4436 140 160 zij
3332 4436 476 160 gansch
3908 4436 132 160 of
4116 4436 804 160 gedeeltelijk
5000 4436 632 160 werkloos

584 4732 200 152 zijn
819 4732 34 152 ,
980 4732 148 152 en
1256 4732 140 152 bij
1520 4732 232 152 wie
1868 4732 140 152 zij
2132 4732 516 152 werken
2668 4732 24 152 ,
2820 4732 512 152 hoeveel
3456 4732 400 152 dagen
4000 4732 232 152 per
4356 4732 364 152 week
4848 4732 141 152 zij
5108 4732 508 152 werken

583 5029 152 113 en

859 5029 233 138 aan
1211 5025 317 139 welk
1643 5022 277 139 loon
1944 5022 21 136 .

879 5340 213 152 Die
1211 5341 417 154 lijsten
1747 5344 225 153 zijn
2095 5346 217 153 ten
2443 5348 1013 157 nauwkeurigste
3579 5354 153 152 op
3851 5355 133 153 te
4107 5357 445 154 maken
4574 5359 25 152 ,
4723 5360 149 152 en

5011 5359 153 128 de
5286 5356 307 129 Bur-
5553 5363 24 119 :

580 5624 820 168 gemeesters
1512 5624 520 168 worden
2156 5624 308 168 voor
2584 5624 152 168 de
2840 5624 588 168 juistheid
3556 5624 384 168 ervan
4064 5624 1208 168 verantwoordelijk
5405 5624 195 168 ge

575 5904 325 153 steld
935 5905 25 152 ;
1083 5906 157 152 de
1358 5907 1171 158 Kommandantuur
2551 5912 46 152 ,
2691 5913 189 153 zal
3015 5914 189 153 die
3327 5916 413 153 lijsten
3867 5918 429 154 nazien
4315 5920 25 152 ,
4459 5921 157 152 en
4759 5922 781 155 onnauwkeu

584 6200 592 140 righeden
1292 6200 216 140 ten
1632 6200 664 140 strengste
2416 6200 544 140 straffen
2984 6200 20 140 .

875 6512 213 145 Die
1207 6514 253 145 lijst
1575 6516 101 144 is
1755 6517 377 146 tegen
2259 6520 197 146 20
2543 6522 385 146 dezer
3027 6525 445 146 maand
3563 6528 101 145 in
3751 6530 137 144 te
3963 6531 489 147 zenden
4491 6534 21 144 ,
4599 6535 1005 150 veranderingen

576 6808 228 156 zijn
928 6808 236 156 den
1272 6808 40 156 1
1428 6808 152 156 en
1684 6808 176 156 15
1948 6808 244 156 van
2324 6808 348 156 ieder
2796 6808 448 156 maand
3332 6808 36 156 (
3396 6808 152 156 de
3632 6808 448 156 eerste
4168 6808 321 156 maal
4588 6808 236 156 den
4916 6808 44 156 1
5059 6808 537 156 Decem

583 7090 225 145 ber
831 7090 37 144 )
907 7088 173 145 te
1199 7085 481 146 melden
1704 7084 25 144 .

3804 7312 116 124 De
3988 7312 341 124 Etappen
4366 7312 32 124 -
4398 7312 625 124 Kommandant
4996 7312 32 124 ,

3535 7526 47 241 (
3591 7520 191 245 get
3784 7519 31 241 .
3816 7518 55 241 )
3951 7504 367 251 von
4415 7485 551 256 Wick
4983 7483 31 241 .

2216 7948 216 84 Drukk
2440 7948 12 84 .
2472 7949 124 84 Sint
2600 7949 56 84 -
2660 7949 308 85 Antonius
2972 7951 12 84 ,
3038 7951 109 84 Jos
3140 7951 25 84 ,
3192 7951 352 86 Dooreman
3556 7953 28 84 -
3592 7953 344 85 Volekaert
3940 7954 16 84 .
