5861 8406
5506 1339 17 27 ..

5510 1586 22 13 het
5510 1578 21 5 .
5503 1526 22 8 B

864 424 340 176 Mob
1212 424 24 176 .
1332 424 628 176 Etappen
1972 424 40 176 -
2024 424 1200 176 Kommandantur
3232 424 24 176 .
3460 424 292 176 Gent
3756 424 20 176 ,
3848 424 212 176 den
4144 424 144 176 17
4380 424 620 176 November
5076 424 284 176 1916
5368 424 20 176 .

520 576 1209 152 Landwirtschaftl
1710 576 43 152 ,
1824 576 1008 152 Betriebsstelle
2848 576 24 152 .
2936 576 144 152 L.
3152 576 400 152 3224
3560 576 24 152 .

1127 802 602 245 AAN
1982 800 778 255 ALLE
2982 809 1874 266 GEMEENTEN
4861 827 50 248 .
5003 900 146 84 1035

907 1080 211 139 Ter
1165 1081 681 142 meedeeling
1893 1086 195 139 dat
2131 1087 197 139 het
2373 1089 451 140 geheele
2869 1092 575 141 overschot
3479 1096 221 139 van
3749 1098 745 142 aardappelen
4539 1103 171 138 tot
4749 1104 137 138 31
4953 1105 341 140 Decem

643 1208 197 141 ber
891 1209 281 142 1916
1243 1212 217 142 aan
1511 1214 133 140 de
1691 1215 496 143 Etappen
2217 1219 37 140 -
2249 1219 980 146 Kommandantur
3211 1226 37 140 ,
3295 1226 589 145 Afdeeling
3951 1231 597 144 landbouw
4554 1235 21 140 ,
4627 1236 301 141 moet
4993 1238 361 142 afgele

643 1340 265 133 verd
959 1341 453 135 worden
1418 1344 21 132 .
1495 1345 285 133 Deze
1827 1347 613 135 aflevering
2483 1351 297 133 moet
2823 1353 657 136 geschieden
3519 1357 205 133 vrij
3779 1359 389 134 kelder
4215 1361 53 132 I
4274 1362 21 132 ,
4338 1362 315 134 Gent
4654 1364 40 132 ,
4714 1365 612 135 voorhaven
5341 1368 35 132 ,

643 1482 197 137 per
907 1478 401 139 wagon
1375 1477 121 137 of
1551 1475 197 137 per
1819 1471 313 139 schip
2144 1472 17 136 .

903 1596 153 137 De
1099 1597 601 140 gemeente
1771 1602 89 137 is
1915 1603 549 140 daarvoor
2531 1608 1053 143 verantwoordelijk
3651 1616 193 138 dat
3911 1618 565 141 alleenlijk
4543 1623 545 141 goederen
5163 1628 217 138 van

639 1724 353 146 eerste
1035 1726 801 149 hoedanigheid
1846 1732 21 144 ,
1911 1732 317 146 maar
2263 1735 341 146 geene
2639 1737 549 148 bedorven
3227 1741 117 145 of
3367 1742 397 147 anders
3803 1745 793 150 ongenietbare
4635 1751 745 149 aardappelen

639 1852 629 147 afgeleverd
1334 1856 420 146 worden
1779 1859 44 144 .
1871 1859 161 145 De
2099 1861 749 148 aardappelen
2919 1866 441 146 moeten
3431 1869 133 145 de
3635 1871 693 148 gemiddelde
4375 1875 445 147 grootte
4891 1879 217 145 van
5179 1881 201 144 een

638 1984 593 139 hoenderei
1279 1987 425 138 hebben
1714 1990 17 136 .
1771 1990 129 136 In
1943 1991 321 137 geval
2299 1993 197 137 dat
2531 1994 493 139 kleinere
3063 1997 745 140 aardappelen
3843 2001 633 140 afgeleverd
4515 2005 449 138 worden
5011 2008 365 138 zullen

639 2112 129 136 zij
815 2113 225 137 met
1079 2114 201 137 een
1319 2116 421 139 minder
1767 2119 269 137 prijs
2063 2121 441 138 betaald
2535 2124 445 138 worden
3019 2127 221 137 dan
3279 2128 229 137 met
3531 2130 152 136 de
3702 2131 725 140 vastgestelde
4443 2136 453 138 hoogste
4935 2139 392 138 prijzen
5332 2141 152 137 ..

899 2248 773 139 Aardappelen
1683 2252 19 136 ,
1755 2252 177 137 die
1981 2253 312 138 reeds
2341 2255 655 139 ingedolven
3047 2258 202 138 zijn
3259 2260 35 136 ,
3351 2260 443 138 moeten
3843 2263 417 138 bijtijds
4329 2265 715 139 uitgedolven
5101 2269 253 137 wor

635 2372 209 132 den
850 2373 21 132 ,
923 2373 393 134 zoodat
1359 2376 129 132 zij
1547 2377 233 133 niet
1827 2378 201 133 nat
2075 2380 177 133 ter
2295 2381 613 137 aflevering
2970 2385 458 136 geraken
3464 2388 24 132 .

895 2504 161 140 De
1091 2504 653 143 gemeenten
1783 2507 433 142 hebben
2251 2509 561 143 vooreerst
2851 2512 445 142 volgens
3335 2514 673 143 bijliggende
4047 2517 773 143 uitnoodiging
4855 2521 133 140 de
5023 2521 361 142 eerste

631 2632 701 122 hoeveelheid
1388 2638 647 120 afteleveren
2067 2643 20 116 .

919 2761 801 150 Tegelijkertijd
1756 2765 378 148 wordt
2159 2767 131 146 de
2335 2767 583 149 gemeente
2943 2770 789 149 uitgenoodigd
3779 2774 171 146 tot
3989 2775 153 146 25
4185 2776 629 148 November
4853 2779 281 146 1916
5143 2780 21 146 ,
5203 2780 185 146 om

635 2888 133 134 10
809 2889 219 135 uur
1067 2890 51 134 '
1126 2890 32 134 s
1199 2891 775 138 voormiddags
1980 2895 17 134 ,
2055 2896 131 134 de
2235 2897 533 136 volgende
2817 2900 371 136 lijsten
3237 2902 673 138 optemaken
3957 2907 137 134 en
4143 2908 141 134 bij
4331 2909 135 134 de
4540 2910 472 136 Etappen
5029 2913 41 134 -
5060 2913 248 135 Kom

632 3024 680 140 mandantur
1348 3024 580 140 Afdeeling
1976 3024 588 140 landbouw
2641 3024 609 140 intedienen
3265 3024 23 140 .

752 3148 80 152 I.
876 3148 276 152 Lijst
1200 3148 195 152 der
1433 3148 1116 152 aardappelbouwers
2549 3148 45 152 ,
2620 3148 172 152 die
2840 3148 200 152 een
3092 3148 576 152 overschot
3716 3148 484 152 bezitten
4208 3148 20 152 ,
4268 3148 780 152 onthoudende
5104 3148 16 152 .

882 3290 70 116 A
954 3290 24 116 )
1024 3290 134 116 de
1206 3290 334 116 naam
1594 3290 216 116 van
1852 3290 208 116 den
2104 3290 724 116 landbouwer
2836 3290 16 116 .

887 3415 45 132 B
939 3415 37 132 )
1019 3414 137 133 de
1199 3410 637 135 ingeoogste
1883 3405 701 136 hoeveelheid
2600 3405 21 132 .

888 3540 39 132 a
929 3540 39 132 )
1016 3540 192 132 het
1244 3540 300 132 getal
1592 3540 196 132 der
1832 3540 709 132 familieleden
2574 3540 27 132 .

886 3664 65 136 D
959 3664 21 136 )
1027 3665 133 136 de
1199 3666 697 140 hoeveelheid
1931 3671 221 137 van
2199 3673 745 141 aardappelen
2950 3678 17 136 ,
3019 3678 177 137 die
3243 3680 265 137 voor
3555 3682 313 138 eigen
3927 3685 481 139 gebruik
4455 3688 405 139 noodig
4903 3691 93 137 is
5002 3692 17 136 .

886 3792 85 137 E
1019 3793 133 137 de
1199 3794 705 141 hoeveelheid
1955 3799 353 139 welke
2347 3802 261 138 voor
2659 3805 273 137 zaad
2967 3807 921 143 teruggehouden
3935 3814 369 138 wordt
4306 3817 17 136 .

883 3939 45 112 F
939 3939 33 112 )
1015 3932 575 118 overschot
1588 3932 28 112 .

886 4056 65 132 G
955 4056 21 132 )
1023 4056 705 135 hoeveelheid
1763 4060 177 132 die
1987 4061 217 132 van
2251 4062 193 133 het
2491 4063 573 134 overschot
3111 4066 313 133 reeds
3471 4067 629 135 afgeleverd
4139 4070 349 134 wierd
4499 4072 21 132 .

759 4190 109 140 II
879 4190 17 140 .
929 4190 277 142 Lijst
1253 4191 1323 145 deraardappelbouwers
2562 4196 40 140 ,
2625 4197 175 140 die
2819 4197 231 141 met
3073 4198 235 141 hun
3335 4199 315 141 oogst
3688 4200 223 142 niet
3932 4201 553 143 toereiken
4508 4204 43 140 ,
4551 4204 779 142 onthoudende
5357 4207 23 140 :

884 4328 49 120 A
946 4327 34 120 )
1027 4326 337 121 naam
1415 4325 213 120 van
1679 4323 213 121 den
1939 4320 721 123 landbouwer
2667 4320 17 120 .

887 4446 61 137 B
951 4447 25 136 )
1023 4440 637 142 ingeoogste
1707 4433 683 143 hoeveelheid
2412 4433 29 136 .

887 4583 52 124 c
943 4583 20 124 )
1011 4582 300 125 getal
1347 4581 196 125 der
1586 4577 712 128 familieleden
2330 4578 22 124 .

883 4704 69 128 D
959 4704 21 128 )
1031 4704 705 132 hoeveelheid
1771 4709 173 129 die
1983 4710 265 129 voor
2279 4712 277 129 zaad
2591 4714 733 132 teruggelegd
3363 4718 365 130 wordt
3734 4721 21 128 .

892 4836 56 128 E
952 4836 24 128 )
1024 4836 704 130 hoeveelheid
1768 4839 128 128 de
1936 4839 264 129 voor
2248 4841 132 128 de
2420 4841 900 131 benoodigheden
3372 4845 196 128 der
3616 4846 420 129 familie
4072 4847 596 130 ontbreekt
4680 4849 16 128 .

891 4960 57 128 F
951 4960 25 128 )
1023 4961 313 130 reeds
1363 4964 653 133 ontvangen
2063 4970 517 132 toelagen
2590 4974 17 128 .

755 5096 173 136 III
939 5096 13 136 .
1031 5097 273 137 Lijst
1383 5099 197 136 der
1667 5100 1157 142 gemeentebewoners
2831 5106 21 136 ,
2935 5106 173 137 die
3203 5108 341 137 geene
3635 5110 745 139 aardappelen
4475 5114 425 138 hebben
4991 5117 397 137 aange

628 5224 400 116 bouwd
1040 5224 16 116 .
1112 5224 804 116 Onthoudende
1968 5224 16 116 :

888 5358 74 113 A
963 5358 22 112 )
1043 5352 302 117 Naam

887 5491 61 124 B
955 5491 21 124 )
1023 5489 301 125 getal
1359 5487 197 125 der
1603 5481 704 130 familieleden
2336 5481 29 124 .

886 5604 49 136 c
927 5604 40 136 )
1015 5604 701 140 hoeveelheid
1767 5609 177 137 die
1987 5610 117 137 in
2155 5611 17 136 '
2175 5611 49 136 t
2259 5612 389 138 geheel
2695 5614 617 141 benoodigd
3359 5619 365 138 wordt
3734 5621 17 136 .

883 5736 69 132 D
955 5736 25 132 )
1027 5737 313 133 reeds
1387 5739 637 137 ontvangen
2059 5743 749 137 aardappelen
2827 5748 485 135 menigte
3318 5752 21 132 .

887 5864 149 136 Te
1083 5865 237 136 dier
1399 5866 721 139 gelegenheid
2203 5870 449 138 worden
2735 5873 133 136 de
2947 5874 653 138 gemeenten
3683 5877 585 139 nogmaals
4343 5880 565 139 verwezen
4975 5883 193 137 dat
5247 5885 137 136 de

625 5996 743 137 aardappÇlen
1375 6000 31 134 -
1413 6000 523 136 rantsoen
1981 6003 113 134 te
2141 6004 493 136 rekenen
2683 6007 91 134 is
2825 6008 225 135 met
3101 6009 235 135 350
3387 6011 137 134 gr
3531 6012 21 134 .
3605 6012 197 135 per
3851 6014 327 135 hoofd
4227 6016 137 134 en
4413 6017 219 135 dag
4639 6018 19 134 .

888 6124 140 140 Er
1040 6124 208 141 zijn
1296 6125 290 141 echter
1599 6126 291 141 maar
1912 6127 228 141 300
2156 6128 348 141 gr.per
2524 6129 304 141 hoofd
2847 6130 102 141 en
2982 6131 157 140 per
3168 6132 192 140 dag
3387 6132 508 143 uittegeven
3891 6134 38 140 .
3948 6134 160 141 De
4128 6135 888 143 overschietende
5040 6138 152 141 50
5215 6139 154 140 gr
5361 6139 23 140 .

631 6252 437 133 moeten
1115 6254 109 132 in
1275 6254 17 132 '
1303 6254 41 132 t
1391 6255 449 133 geheele
1887 6257 265 133 eene
2203 6258 437 133 reserve
2674 6260 454 133 vormen
3179 6262 169 132 uit
3383 6263 497 134 dewelke
3927 6265 141 132 bij
4127 6266 621 134 bijzondere
4795 6268 580 135 behoeften

628 6384 264 136 eene
940 6384 432 136 toelage
1420 6384 232 136 kan
1696 6384 648 136 toegestaan
2392 6384 452 136 worden
2892 6384 20 136 (
2920 6384 144 136 voor
3108 6384 212 136 zieken
3324 6384 12 136 ,
3392 6384 144 136 voor
3584 6384 368 136 werklieden
4000 6384 116 136 met
4164 6384 196 136 zware
4408 6384 208 136 arbeid
4679 6384 96 136 enz
4778 6384 40 136 .
4804 6384 24 136 )

860 6512 660 164 Zoodanige
1580 6512 644 164 aanvragen
2268 6512 216 164 zijn
2560 6512 656 164 schriftelijk
3292 6512 212 164 aan
3556 6512 136 164 de
3768 6512 980 164 Kommandantur
4756 6512 20 164 ,
4824 6512 552 164 afdeeling

627 6640 593 120 landbouw
1263 6644 113 116 te
1431 6645 437 119 richten
1878 6648 17 116 .

899 6768 153 136 De
1095 6769 605 138 voltooiing
1747 6772 213 137 van
2011 6773 261 137 deze
2319 6775 757 140 maatregelen
3147 6779 453 138 worden
3671 6782 197 137 der
3947 6783 581 139 gemeente
4579 6787 177 136 ter
4799 6788 353 137 plicht
5207 6790 152 136 ge

631 6888 393 136 maakt
1032 6890 19 134 ,
1129 6891 273 135 daar
1469 6893 399 136 anders
1937 6895 131 135 de
2136 6896 733 139 borgstelling
2935 6901 267 136 voor
3273 6903 265 136 eene
3607 6905 729 138 regelmatige
4407 6910 717 138 voorziening
5171 6915 199 135 der

631 7020 549 134 inwoners
1231 7023 229 133 met
1527 7025 745 136 aardappelen
2351 7029 237 134 niet
2639 7031 229 133 kan
2943 7033 493 134 gegeven
3478 7036 437 134 worden
3951 7039 40 132 .
4019 7039 165 133 Bij
4271 7040 193 133 het
4543 7042 521 135 uitgeven
5147 7045 225 133 van

631 7160 485 144 hoogere
1190 7160 639 144 rantsoenen
1924 7160 300 144 moet
2304 7160 200 144 een
2584 7160 412 144 deficit
3036 7160 528 144 ontstaan
3640 7160 272 144 door
3980 7160 196 144 het
4228 7160 348 144 welke
4656 7160 292 144 later
5012 7160 145 144 bij
5236 7160 136 144 de

632 7288 574 140 gemeente
1254 7288 196 140 een
1494 7288 426 140 gebrek
1968 7288 240 140 zich
2276 7288 172 140 zal
2496 7288 548 140 voordoen
3118 7288 332 140 ofwel
3496 7288 136 140 de
3712 7288 578 140 gemeente
4368 7288 234 140 niet
4680 7288 172 140 zal
4900 7288 116 140 in
5066 7288 302 140 staat

629 7413 219 132 zijn
895 7415 279 130 haar
1219 7416 883 133 verplichtingen
2149 7420 219 130 van
2417 7421 495 131 levering
2959 7423 562 132 nateleven
3558 7425 40 130 .
3623 7425 159 131 De
3831 7426 953 134 hieruitvolgende
4816 7430 486 132 moeilijk

631 7540 349 133 heden
1031 7541 337 133 zoude
1419 7543 133 132 de
1599 7544 573 134 gemeente
2219 7546 333 133 thans
2599 7548 141 132 op
2787 7548 273 133 hare
3107 7550 321 133 eigen
3479 7551 393 133 kosten
3923 7553 437 133 moeten
4417 7555 395 133 dragen
4845 7557 22 132 .

885 7664 297 133 Voor
1215 7665 135 133 de
1387 7666 537 135 kloosters
1961 7670 139 132 en
2125 7671 621 135 gestichten
2783 7675 169 132 zal
2989 7676 269 133 eene
3281 7677 623 136 bijzondere
3945 7681 729 136 verordening
4709 7686 115 132 in
4853 7687 519 134 werking

631 7784 393 139 treden
1039 7787 25 136 ;
1099 7787 257 138 deze
1391 7789 217 137 zijn
1643 7791 317 138 aldus
2007 7794 233 137 niet
2287 7796 113 136 in
2447 7797 137 137 de
2631 7798 593 141 hierboven
3278 7802 693 142 aangeduide
4015 7808 369 140 lijsten
4431 7811 639 142 optenemen
5080 7816 33 136 .

2845 7956 177 124 DE
3099 7957 708 127 ETAPPEN
3845 7961 38 124 -
3891 7961 1384 132 KOMMANDANTUR
5295 7969 33 124 .

5598 5008 62 60 à°…à°‚à°¦à±à°µà±
5598 5078 61 49 à°…à°‚à°¤

753 7976 221 77 Drukk
981 7977 17 76 .
1025 7978 83 76 St.
1127 7978 320 79 Antonius
1438 7981 18 76 ,
1479 7981 109 77 Jos
1595 7982 11 76 .
1643 7982 337 78 Dooreman
2008 7985 17 76 -
2032 7985 330 78 Volckaert
2365 7987 17 76 .
