8231 6047
2056 916 96 114 L.
2226 916 138 114 Nr
2368 916 24 114 .
2466 916 278 114 4844
2750 916 22 114 .

947 628 307 303 Mob
1267 628 27 300 .
1395 620 612 306 Etappen
2016 620 43 300 -
2067 605 1283 314 Kommandantuur
3363 605 27 300 .

3357 702 48 165 .

4328 736 424 176 Gent
4776 736 24 176 ,
4928 736 304 176 den
5360 736 184 176 21
5688 736 928 176 November
6728 736 400 176 1916
7160 736 24 176 .

2044 1056 698 502 Aan
2931 1064 697 502 alle
3819 1071 2132 514 Gemeenten

7292 1256 217 152 568

1191 1712 393 229 Reeds
1671 1713 141 229 nu
1891 1714 477 230 worden
2451 1716 145 229 de
2675 1717 689 231 gemeenten
3447 1720 145 228 op
3675 1721 145 228 de
3903 1722 801 231 Verordening
4791 1725 713 232 betreffende
5592 1728 229 229 het
5855 1729 489 230 gebruik
6419 1731 221 229 van
6731 1732 469 232 witloof

803 2016 473 225 wortels
1355 2018 613 227 verwezen
1978 2021 21 224 ,
2075 2021 185 225 die
2343 2023 105 224 in
2535 2024 185 224 het
2803 2025 745 227 aanstaande
3627 2029 1161 229 Verordeningsblad
4893 2034 226 225 zal
5143 2036 745 227 verschijnen
5902 2039 25 224 .

1171 2328 693 182 Volgens
1967 2331 393 181 deze
2467 2333 1065 184 verordening
3647 2338 129 180 is
3879 2339 285 181 het
4263 2341 813 183 verboden
5183 2344 1293 187 witloofwortels
6571 2351 173 180 te
6829 2352 281 181 ver

807 2600 601 170 koopen
1527 2603 185 168 en
1831 2604 129 168 in
2071 2605 297 169 den
2487 2607 561 170 handel
3151 2610 169 168 te
3431 2611 705 171 brengen
4166 2615 25 168 .
4500 2616 224 180 De
4828 2616 680 180 wortels
5664 2616 644 180 moeten
6464 2616 296 180 aan
6884 2616 300 180 den

799 2848 1312 179 darrenbezitter
2207 2860 569 173 Albert
2887 2866 817 174 Masureel
3815 2874 136 169 in
4039 2875 920 177 Merelbeke
5071 2884 168 170 te
5351 2887 400 171 koop
5822 2891 657 174 worden
6599 2897 497 173 aange

807 3136 501 186 boden
1338 3138 25 184 .
1535 3140 229 185 Hij
1875 3141 497 187 alléén
2487 3145 129 184 is
2727 3146 333 185 met
3167 3148 193 185 de
3467 3150 621 187 opkoop
4195 3154 529 186 gelast
4875 3158 189 184 en
5231 3159 409 186 bezit
5787 3162 293 186 een
6239 3165 945 189 schriftelijk

807 3416 541 190 bewijs
1451 3418 293 189 der
1859 3420 709 191 Etappen
2595 3423 69 188 -
2695 3424 893 191 Inspektion
3614 3427 29 188 .
3767 3428 217 189 De
4091 3429 381 190 prijs
4543 3431 393 190 voor
5031 3433 329 189 100
5439 3435 185 189 gr
5642 3436 25 188 .
5791 3437 121 188 is
6023 3438 201 188 op
6327 3439 437 189 3,25
6851 3441 277 189 Frs
7146 3442 25 188 .

799 3672 1001 191 vastgesteld
1830 3679 25 184 .
2007 3680 321 186 Het
2431 3683 896 191 vervoeden
3430 3690 289 186 van
3831 3693 1297 193 witloofwortels
5270 3703 193 186 en
5623 3705 273 186 het
6014 3708 650 188 gebruik
6790 3714 385 186 voor

799 3952 25 184 '
847 3952 65 184 t
983 3952 1145 190 vervaardigen
2239 3959 289 185 van
2671 3961 1377 190 koffiesurrogaat
4151 3968 161 185 of
4431 3969 601 187 andere
5175 3973 873 188 produkten
6199 3978 289 185 dan
6623 3980 313 186 gist
7055 3982 121 185 is

791 4216 801 198 verboden
1622 4221 25 192 .
1783 4222 1321 202 Witloofwortels
3206 4232 561 197 mogen
3878 4237 785 198 voortaan
4814 4244 322 194 niet
5262 4247 377 194 voor
5743 4250 192 194 de
6079 4253 113 193 2
6303 4254 408 195 keer
6806 4258 370 194 voor

795 4508 273 169 het
1167 4510 425 170 telen
1751 4513 289 169 van
2163 4516 849 172 witloofsla
3167 4522 733 171 gebruikt
4003 4526 624 172 worden
4662 4530 35 168 .
4990 4520 1601 184 Tegenhandelingen
6727 4537 353 171 wor

790 4768 297 179 den
1198 4772 938 187 strengelijk
2253 4784 715 184 gestraft
2990 4792 26 176 .

4527 4798 203 273 De
4815 4793 586 276 Etappen
5423 4793 34 272 -
5479 4783 1283 282 Kommandantuur
6767 4783 34 272 .

4926 5126 42 17 SOS

5473 5126 95 20 SMS

2870 5148 268 96 Drukk
3152 5149 14 96 .
3222 5148 181 98 Sint
3410 5150 21 96 -
3445 5150 376 97 Antonius
3825 5151 21 96 ,
3900 5151 138 97 Jos
4048 5152 14 96 .
4118 5152 433 98 Dooreman
4591 5154 21 96 -
4627 5154 429 98 Volekaert
