6467 9379
937 832 282 248 Mob
1227 832 74 248 .
1332 832 493 248 Etappen
1852 832 64 248 -
1913 832 1086 248 Kommandantuur
2952 832 64 248 .

3306 960 134 149 E.
3542 963 158 150 H.
3790 966 158 150 O.
3970 968 26 148 ,
4090 970 249 151 den
4438 974 214 151 24
4738 978 769 159 November
5586 989 342 153 1916
5945 994 26 148 .

836 1114 174 112 237
1050 1114 36 112 -
1132 1114 76 112 8.
1252 1114 90 112 A.
1386 1114 96 112 K.
1526 1114 36 112 -
1606 1114 156 112 der
1802 1114 80 112 4.
1916 1114 310 112 Armee
2234 1114 18 112 .
2296 1114 36 112 -
2374 1114 230 112 Buch
2646 1114 118 112 Nr
2768 1114 18 112 .
2830 1114 234 112 4493

1747 1400 588 408 Aan
2499 1410 356 405 de
3027 1417 1804 423 Gemeenten

5748 1468 256 190 558

907 2048 193 166 De
1199 2050 817 171 gemeenten
2127 2058 521 168 hebben
2743 2062 849 172 onmiddelijk
3714 2071 118 165 al
3967 2073 248 166 hun
4310 2076 637 169 straaten
5062 2082 161 166 en
5350 2084 617 170 plaatsen

587 2320 249 153 van
947 2322 485 154 namen
1539 2325 165 153 en
1823 2327 165 153 de
2095 2329 457 154 huizen
2659 2332 245 153 van
3007 2334 1029 158 volgnummers
4131 2341 149 152 te
4379 2342 617 156 voorzien
5018 2346 25 152 .

899 2592 177 149 Er
1175 2594 109 148 is
1387 2595 249 150 een
1743 2598 601 152 inwoner
2354 2602 57 148 -
2427 2602 413 151 adres
2858 2605 57 148 -
2935 2606 341 151 boek
3399 2609 169 150 op
3647 2611 145 149 te
3887 2613 481 152 maken
4503 2617 113 148 in
4727 2619 229 149 het
5047 2621 433 151 welke
5583 2625 117 149 al
5803 2626 165 150 de

583 2852 677 165 inwoners
1387 2858 249 163 der
1771 2861 737 167 gemeente
2664 2868 548 165 volgens
3343 2874 233 162 het
3695 2877 641 165 alphabet
4459 2883 976 168 ingeschreven
5566 2892 397 163 staan

583 3124 281 158 met
959 3126 601 161 aangifte
1647 3131 241 158 van
1987 3134 433 159 hunne
2507 3137 537 160 woonst
3062 3141 25 156 .
3203 3142 189 158 De
3475 3144 665 162 voltooing
4235 3150 377 158 heeft
4699 3153 169 158 op
4955 3155 613 160 dezelfde
5654 3160 256 158 ma

579 3392 285 146 nier
943 3394 145 146 te
1179 3396 821 151 geschieden
2095 3403 389 147 gelijk
2575 3407 185 145 dit
2851 3409 413 147 reeds
3355 3413 109 145 in
3555 3414 177 146 de
3815 3416 309 147 stad
4219 3419 357 146 Gent
4663 3423 241 145 het
4991 3425 389 147 geval
5499 3429 105 145 is
5622 3430 25 144 .

878 3652 274 159 Van
1245 3656 250 159 een
1590 3660 385 160 langs
2066 3665 165 158 de
2313 3667 459 162 straat
2857 3673 854 166 uitloopende
3821 3684 566 163 venster
4473 3691 250 159 van
4858 3695 465 162 iedere
5429 3702 526 162 woning

575 3924 105 153 is
767 3925 249 155 een
1115 3928 413 156 boord
1619 3932 141 154 te
1855 3934 617 158 plaatsen
2567 3940 701 158 dragende
3379 3947 161 154 de
3662 3949 401 155 voor-
4155 3953 172 154 en
4455 3956 904 159 familienaam
5490 3964 173 154 en
5795 3967 164 154 de

566 4176 253 167 dag
909 4179 242 167 van
1245 4183 666 171 geboorte
1997 4190 250 167 van
2349 4194 254 167 alle
2694 4197 437 169 lieden
3222 4203 38 164 (
3273 4203 578 170 mannen
3874 4209 26 164 ,
3965 4210 646 171 vrouwen
4634 4217 26 164 ,
4730 4218 665 171 kinderen
5426 4225 42 164 )
5553 4226 198 167 die
5841 4229 118 166 in

563 4452 169 158 de
819 4454 517 161 woning
1427 4459 253 159 zijn
1775 4462 801 163 gehuisvest
2598 4470 21 156 .
2723 4471 437 160 Model
3262 4476 253 158 van
3611 4479 185 157 dit
3887 4481 425 160 boord
4402 4486 390 160 volgd
4899 4490 158 158 bij
5143 4493 332 159 deze
5498 4496 25 156 .

4042 4776 118 130 De
4230 4778 372 132 Etappen
4635 4783 35 128 -
4684 4783 639 136 Kommandant
5309 4791 35 128 ,

4659 4944 73 69 A.
4815 4947 64 69 B.

3753 4976 90 289 (
3814 4977 212 291 get
4013 4980 90 289 .
4069 4981 90 289 )
4109 4981 1162 306 Wendling

4185 5276 423 87 LEUTNANT
4689 5280 59 85 &
4827 5282 421 87 ADJUTANT
5252 5286 15 84 .

2880 5672 752 136 MODEL

958 6084 437 130 Naam

2083 6088 761 146 Voornaam

3377 6100 831 174 Verjaardag

4734 6104 897 163 Aanmerking

562 6480 277 132 Van
930 6486 437 135 Steen

1964 6492 256 131 Jan

3305 6488 203 158 23
3577 6490 48 156 -
3690 6492 160 157 11
3937 6494 60 157 -
4056 6495 206 158 76

910 6764 122 118 id
1050 6766 30 116 .

1962 6764 377 127 Jules

3295 6772 737 153 7-8-91

877 6773 207 369 ad

910 7032 114 114 id
1045 7035 26 112 .

1975 7032 436 125 Maria

3287 7040 97 141 9
3450 7041 61 141 -
3571 7042 169 142 10
3802 7045 61 141 -
3931 7046 209 142 93

4597 7032 283 165 geB
4964 7039 483 169 Vogels

909 7296 115 119 id
1044 7296 27 119 .

1959 7296 569 133 Simone

3279 7304 165 141 10
3510 7306 57 141 -
3635 7307 497 145 8.95

574 7544 189 138 De
862 7548 594 144 Coninck

1970 7564 461 130 Pieter

3301 7580 45 134 1
3448 7581 59 135 -
3575 7582 95 135 2
3736 7583 61 135 -
3863 7585 209 136 86

4600 7592 488 116 knecht

563 7820 589 150 Sippens

1958 7816 769 161 Seraphine

3279 7848 97 137 3
3446 7849 57 137 -
3571 7850 97 137 5
3734 7852 61 137 -
3859 7853 209 138 96

4595 7858 481 145 maagd

1333 8099 250 126 enz
1598 8104 26 122 .

2311 8480 233 87 Drukk
2548 8483 15 84 .
2605 8483 145 86 Sint
2752 8485 29 84 -
2787 8485 327 88 Antonius
3118 8489 15 84 ,
3175 8490 113 85 Jos
3292 8492 20 84 ,
3353 8492 375 89 Dooreman
3740 8497 29 84 -
3777 8497 369 89 Volekaert
4152 8502 11 84 .
