5920 8611
1000 600 469 196 MOB
1508 600 48 196 .
1716 600 1074 196 ETAPPEN
2860 600 52 196 -
2933 600 1981 196 KOMMANDANTUR
4972 600 52 196 .

2160 824 176 200 J.
2472 824 72 200 N
2616 824 48 200 '
2800 824 240 200 IV
3056 824 48 200 ,
3240 824 560 200 3293
3816 824 40 200 .

5155 679 198 195 559

2711 1180 133 136 E.
2947 1181 153 136 H.
3215 1182 145 136 0.
3467 1183 249 136 den
3799 1184 181 136 24
4087 1185 729 139 November
4911 1188 329 137 1916
5251 1190 25 136 .

609 1408 838 896 Aan
1705 1408 871 896 alle
2834 1408 2446 896 Gemeenten

5568 3770 15 4 7
5568 3764 15 4 .

860 2360 740 172 Aangezien
1652 2360 136 172 in
1844 2360 624 172 sommige
2524 2360 760 172 gemeenten
3340 2360 152 172 de
3552 2360 1072 172 aardappeloogst
4680 2360 368 172 maar
5112 2360 312 172 eene

556 2540 588 172 tamelijk
1184 2540 424 172 kleine
1660 2540 820 172 hoeveelheid
2528 2540 340 172 heeft
2924 2540 800 172 opgebracht
3728 2540 24 172 ,
3804 2540 344 172 moet
4200 2540 252 172 aan
4492 2540 228 172 het
4772 2540 656 172 aanschaf

548 2716 216 168 fen
816 2716 256 168 van
1124 2716 504 168 nieuwe
1680 2716 536 168 pataten
2260 2716 312 168 voor
2628 2716 156 168 de
2836 2716 844 168 toekomende
3756 2716 432 168 zomer
4228 2716 612 168 gepeinsd
4880 2716 540 168 worden

552 2900 220 172 ten
828 2900 368 172 einde
1248 2900 476 172 bijtijds
1812 2900 156 172 de
2020 2900 868 172 aardappelen
2952 2900 252 172 van
3284 2900 244 172 den
3584 2900 600 172 pieuwen
4240 2900 364 172 oogst
4700 2900 128 172 te
4884 2900 532 172 kunnen

551 3090 683 158 gebruiken
1263 3091 41 152 .

848 3268 264 152 Het
1164 3268 1356 152 Landbouwkomiteit
2580 3268 252 152 van
2896 3268 303 152 Oost
3210 3268 32 152 -
3265 3268 795 152 Vlaanderen
4120 3268 200 152 zal
4372 3268 324 152 zaad
4776 3268 640 152 bezorgen

547 3466 161 157 en
751 3462 721 160 verkoopen
1523 3460 253 158 aan
1831 3458 229 158 een
2103 3456 306 158 prijs
2406 3456 43 156 ,
2495 3455 205 157 die
2739 3452 257 158 nog
3039 3451 201 157 zal
3295 3447 789 160 vastgesteld
4127 3442 525 160 worden
4664 3443 21 156 .
4735 3440 269 158 Ten
5047 3438 373 158 einde

544 3628 240 164 een
824 3628 908 164 betrouwbaar
1772 3628 644 164 overzicht
2460 3628 304 164 over
2820 3628 152 164 de
3028 3628 652 164 aanbouw
3688 3628 24 164 ,
3760 3628 224 164 het
4024 3628 540 164 noodige
4604 3628 324 164 zaad
4972 3628 160 164 en
5176 3628 236 164 een

543 3821 697 166 grondslag
1283 3819 305 165 voor
1627 3818 161 164 de
1827 3816 333 165 later
2195 3814 421 166 plaats
2659 3810 665 168 grijpende
3363 3807 741 167 verdeeling
4151 3806 133 164 te
4327 3803 521 167 winnen
4855 3803 25 164 ,
4907 3801 513 166 moeten

543 4003 1329 164 aanbouwverdragen
1901 4002 40 160 ,
1999 4001 253 161 ook
2303 4000 313 161 voor
2675 3999 157 161 de
2887 3997 549 162 kleinste
3487 3995 537 162 vlakten
4083 3993 521 161 worden
4682 3990 670 163 afgesloten
5390 3990 27 160 .

852 4176 180 160 De
1088 4176 592 160 hiervoor
1724 4176 540 160 noodige
2308 4176 824 160 formulieren
3180 4176 520 160 worden
3740 4176 164 160 bij
3960 4176 300 160 deze
4304 4176 252 160 aan
4616 4176 156 160 de
4828 4176 588 160 gemeen

539 4371 227 154 ten
873 4364 923 159 overgemaakt
1804 4364 19 152 .
1933 4359 567 156 Verdere
2581 4352 837 158 formulieren
3527 4347 533 156 kunnen
4169 4346 165 153 bij
4451 4344 157 153 de
4721 4342 163 153 Et
4894 4341 19 152 .
5036 4338 284 154 Kom

543 4544 885 163 mandantuur
1439 4544 21 160 ,
1523 4541 633 162 afdeeling
2266 4537 655 164 landbouw
2968 4538 49 160 ,
3095 4535 653 162 gevraagd
3855 4532 517 162 worden
4387 4532 13 160 .
4471 4530 345 161 Voor
4891 4528 521 162 iederen

539 4729 797 162 aanbouwer
1415 4728 253 160 zijn
1767 4727 77 160 3
1943 4723 825 164 formulieren
2891 4720 777 163 optemaken
3679 4720 21 160 .
3763 4719 269 161 Een
4135 4717 373 161 dezer
4563 4715 333 162 blijft
5015 4714 166 161 bij
5251 4714 161 160 de

535 4908 785 151 aanbouwer
1371 4906 445 150 rusten
1827 4906 17 148 .
1911 4905 185 148 De
2151 4903 329 149 twee
2535 4901 473 150 andere
3063 4899 257 150 zijn
3375 4898 257 149 aan
3679 4897 153 149 de
3895 4896 165 149 Et
4067 4896 21 148 .
4139 4891 1233 153 Kommandantuur
5379 4890 25 148 ,

539 5089 641 166 afdeeling
1227 5083 689 166 landbouw
1924 5083 25 160 ,
2003 5075 741 167 intedienen
2752 5075 21 160 .

839 5278 185 155 De
1065 5274 777 159 gemeenten
1885 5272 499 156 hebben
2427 5269 503 156 zooveel
2971 5267 189 155 als
3203 5263 615 158 mogelijk
3875 5259 911 158 aantewerven
4829 5257 221 155 een
5103 5255 307 156 voor

535 5450 985 173 omvangrijken
1611 5445 637 172 aanbouw
2339 5445 133 168 te
2523 5442 465 170 zorgen
3004 5442 21 168 .
3079 5440 265 169 Het
3395 5439 201 168 zal
3691 5437 225 169 ten
3967 5435 301 169 bate
4323 5433 225 169 der
4639 5428 769 173 gemeenten

531 5638 238 153 zijn
779 5638 41 152 ,
883 5635 609 155 wanneer
1563 5634 153 153 de
1807 5630 885 155 ontbrekende
2787 5625 813 156 hoeveelheid
3695 5624 257 153 van
4043 5623 157 152 de
4291 5619 721 155 aardappel
5013 5619 41 152 -
5047 5617 361 153 oogst

535 5825 253 158 van
843 5824 193 157 dit
1059 5820 301 159 jaar
1411 5818 161 158 op
1627 5815 301 159 deze
1983 5811 501 160 manier
2539 5807 473 160 bijtijds
3071 5800 649 162 vereffend
3783 5796 421 160 wordt
4212 5797 21 156 .

833 6001 737 160 Aangezien
1611 5999 219 156 het
1875 5996 317 157 zaad
2231 5991 525 159 spoedig
2797 5989 345 156 moet
3169 5982 841 160 aangeschaft
4041 5977 519 158 worden
4615 5976 105 155 is
4763 5974 223 155 het
5028 5970 317 157 nood

531 6178 557 162 zakelijk
1167 6176 225 158 dat
1467 6174 157 157 de
1723 6168 589 161 werving
2387 6165 253 158 van
2743 6157 845 163 aanbouwers
3683 6154 201 158 tot
3971 6152 181 158 30
4247 6145 729 162 November
5059 6141 337 159 1916

532 6368 564 120 voltooid
1152 6368 108 120 is
1268 6368 20 120 .

839 6533 185 178 De
1111 6527 697 182 afgesloten
1903 6516 1361 187 aanbouwverdragen
3327 6512 529 180 kunnen
3935 6504 889 184 onmiddellijk
4903 6501 249 179 aan
5247 6500 153 177 de

535 6719 165 156 Et
707 6719 21 156 .
795 6713 1221 161 Kommandantuur
2027 6713 21 156 ,
2107 6710 645 159 afdeeling
2803 6706 693 160 landbouw
3503 6707 29 156 ,
3595 6704 525 158 worden
4171 6701 681 159 ingediend
4867 6701 21 156 ,
4931 6700 161 157 op
5147 6699 257 157 zijn

532 6884 392 160 laatst
976 6884 196 160 tot
1216 6884 60 160 1
1324 6884 696 160 December
2068 6884 352 160 1916
2436 6884 24 160 ,
2504 6884 212 160 om
2793 6884 118 160 10
2988 6884 256 160 uur
3300 6884 20 160 '
3328 6884 56 160 s
3442 6884 899 160 voormiddags
4346 6884 30 160 .

831 7080 961 172 Tegelijkertijd
1883 7079 109 165 is
2039 7077 201 166 tot
2351 7076 57 164 1
2495 7071 697 168 December
3287 7067 329 167 1916
3699 7065 309 166 eene
4111 7058 689 170 opstelling
4875 7057 257 165 van
5239 7055 157 165 de

527 7251 930 181 gezamenlijke
1559 7241 706 177 afgesloten
2359 7233 634 175 aanbouw
3103 7222 723 177 intedienen
3830 7222 35 168 .

831 7439 181 160 De
1071 7435 637 163 aanbouw
1759 7435 105 160 is
1927 7434 269 161 niet
2299 7433 161 160 op
2551 7428 897 164 landbouwers
3551 7425 549 162 beperkt
4107 7425 21 160 .
4219 7422 529 162 Iederen
4851 7420 545 162 persoon

527 7615 213 168 die
791 7613 313 169 land
1195 7611 337 169 bezit
1627 7607 597 171 geschikt
2315 7605 309 170 voor
2715 7598 1345 175 aardappelaanbouw
4167 7597 265 169 kan
4524 7592 817 172 medehelpen
5350 7592 47 168 ,

527 7806 157 161 de
735 7802 369 163 oogst
1155 7799 253 163 van
1459 7794 509 165 nieuwe
2023 7786 865 168 aardappelen
2939 7782 329 163 doen
3319 7773 981 169 vermeerderen
4312 7773 21 160 .

2891 8015 221 196 De
3187 8000 724 206 Etappen
3923 7999 52 193 -
3983 7976 1188 215 Kommandant
5175 7975 36 193 .

5786 7366 23 34 ..

369 8052 244 95 Drukk
625 8051 23 94 .
703 8050 69 95 St
829 8047 349 97 Antonius
1182 8047 19 94 ,
1259 8045 125 95 Jos
1388 8045 19 94 .
1463 8041 374 97 Dooreman
1862 8041 23 94 -
1900 8038 371 97 Volckaert
2270 8038 23 94 .
