8419 6432
7604 490 292 189 567

7367 725 6 15 2

1069 944 315 323 Mob
1396 946 35 320 .
1509 947 638 326 Etappen
2163 953 87 321 -
2214 953 1339 332 Kommandantuur

3482 964 87 321 ,
3668 965 278 323 237
3948 968 99 321 ,
4053 968 307 323 VIII
4583 973 240 322 E.
4858 975 297 322 H.
5172 978 139 321 o
5332 979 35 320 .
5388 980 35 320 ,
5540 981 308 323 den
5956 984 59 320 1
6116 985 971 329 December
7188 994 427 324 1916
7628 998 35 320 .

4576 1054 45 187 Ε
5219 1062 45 187 Ο
5323 1063 45 187 .

1208 1304 1152 156 Landwirtschaftliche
2416 1304 728 156 Betriebstelle
3152 1304 28 156 ,
3252 1304 224 156 Tgb
3480 1304 24 156 .
3552 1304 128 156 IV
3688 1304 24 156 ,
3776 1304 96 156 L.
3916 1304 284 156 3367
4208 1304 20 156 .

2349 1616 713 500 Aan
3268 1621 713 501 alle
4188 1627 2195 509 Gemeenten

1400 2312 336 264 Daar
1816 2312 144 264 de
2040 2312 664 264 vrijwillige
2792 2312 776 264 aanplanting
3672 2312 224 264 van
4024 2312 664 264 VROEGE
4816 2312 1240 264 AARDAPPELEN
6176 2312 288 264 voor
6560 2312 312 264 1917
6888 2312 24 264 ,
6992 2312 472 264 slechts
7552 2312 104 264 in

1064 2588 492 252 geringe
1644 2588 328 252 maat
2052 2588 296 252 door
2420 2588 148 252 de
2652 2588 712 252 gemeenten
3452 2588 476 252 gemeld
4016 2588 640 252 geworden
4770 2588 95 252 is
4858 2588 75 252 ,
4968 2588 384 252 wordt
5436 2588 620 252 hiermede
6144 2588 500 252 bevolen
6708 2588 24 252 :

1272 2908 152 216 1.
1548 2908 472 216 leder
2120 2908 1112 216 landbezitter
3356 2908 456 216 heeft
3938 2908 159 216 10
4268 2908 64 216 %
4460 2908 400 216 zijns
4964 2908 1008 216 akkerlands
5992 2908 28 216 ,
6132 2908 416 216 welk
6660 2908 404 216 voor
7170 2908 490 216 aard

4210 2922 49 165 °

1064 3152 688 192 appelen
1888 3152 760 192 bestemd
2768 3152 128 192 is
2920 3152 24 192 ,
3072 3152 344 192 met
3520 3152 624 192 vroege
4248 3152 1120 192 aardappelen
5480 3152 176 192 te
5784 3152 880 192 beplanten
6688 3152 32 192 .

1444 3432 1112 192 Namentlijke
2676 3432 448 192 tabel
3148 3432 28 192 ,
3292 3432 524 192 onder
3936 3432 632 192 opgave
4680 3432 304 192 der
5088 3432 308 192 aan
5508 3432 176 192 te
5800 3432 680 192 bouwen
6596 3432 1068 192 oppervlakte

1064 3664 128 176 is
1316 3664 256 176 tot
1680 3664 116 176 5
1920 3664 948 176 December
2972 3664 1044 176 aanstaande
4144 3664 308 176 aan
4588 3664 204 176 de
4912 3664 1836 176 Landwirtschaftliche
6864 3664 776 176 Betrieb

1053 3880 490 173 stelle
1645 3886 306 171 der
2070 3890 1545 184 Kommandantuur
3725 3907 322 171 aan
4166 3912 177 169 te
4453 3915 522 173 geven
5006 3920 26 168 .

1248 4176 168 200 2.
1544 4176 232 200 De
1928 4176 896 200 gemeente
2984 4176 464 200 heeft
3616 4176 312 200 alle
4112 4176 872 200 hoveniers
5136 4176 176 200 te
5472 4176 904 200 verzoeken
6426 4176 60 200 ,
6624 4176 296 200 zoo
7072 4176 568 200 weinig

1064 4420 740 192 mogelijk
1920 4420 1336 192 versierplanten
3380 4420 200 192 en
3696 4420 1412 192 versierstruiken
5220 4420 172 192 te
5476 4420 800 192 kweeken
6328 4420 32 192 ;
6476 4420 200 192 op
6760 4420 248 192 die
7113 4420 531 192 plaat

1052 4668 296 192 sen
1476 4668 304 192 zijn
1908 4668 624 192 vroege
2656 4668 1116 192 aardappelen
3900 4668 176 192 te
4188 4668 660 192 planten
4884 4668 20 192 .

5303 4855 137 152 De
5535 4852 438 155 Etappen
6035 4852 41 152 -
6079 4848 789 156 Kommandant
6855 4848 41 152 ,

4942 5128 50 328 (
5030 5128 226 329 get
5270 5130 26 328 .
5326 5130 42 328 )
5543 5131 1459 337 Wettstein

6060 5044 86 84 A.
6250 5044 78 84 B.

6084 5466 516 86 LEUTNANT
6606 5466 16 86 .

3204 5602 284 104 Drukk
3498 5602 14 104 .
3568 5602 176 104 Sint
3748 5602 34 104 -
3790 5602 400 104 Antonius
4198 5602 14 104 ,
4266 5602 144 104 Jos
4418 5602 16 104 .
4490 5602 458 104 Dooreman
4966 5602 34 104 -
5014 5602 450 104 Volekaert
5474 5602 12 104 .
