6169 9185
800 624 584 360 MOBILE
1611 624 2042 360 ETAPPENKOMMANDANTUR
3658 624 108 360 ,
3931 624 258 360 237
4162 624 108 360 ,
4378 624 108 360 d
4486 624 108 360 .
4688 624 96 360 4
4944 624 569 360 ARMEE
5440 624 88 360 .

3547 826 133 147 ,

2712 1320 156 148 E.
2972 1320 180 148 H.
3264 1320 156 148 O.
3440 1320 20 148 ,
3564 1320 284 148 den
3964 1320 168 148 11
4237 1320 816 148 December
5168 1320 396 148 1916
5580 1320 20 148 .

5284 1746 235 181 552

2039 1777 1218 350 AAN
3583 1772 690 347 DE

896 2352 1855 480 Gemeente
2998 2352 2362 480 Meirelbeke

5312 2493 115 347 .

952 3016 648 192 Behalve
1704 3016 264 192 het
2072 3016 968 192 postverkeer
3128 3016 264 192 dat
3504 3016 360 192 voor
3968 3016 184 192 de
4248 3016 1000 192 familieleden
5336 3016 272 192 der

680 3232 928 192 burgerlijke
1720 3232 904 192 werklieden
2744 3232 672 192 geopend
3544 3232 128 192 is
3688 3232 24 192 ,
3848 3232 120 192 is
4064 3232 192 192 op
4344 3232 864 192 aanzoeken
5312 3232 296 192 van

688 3456 276 176 den
1084 3456 1136 176 Kommandant
2348 3456 292 176 van
2752 3456 264 176 het
3152 3456 872 176 werklieden
4068 3456 48 176 -
4125 3456 655 176 bataljon
4912 3456 192 176 Nº
5168 3456 104 176 4
5340 3456 264 176 dat

679 3648 161 192 in
927 3648 185 193 de
1199 3649 553 194 maand
1823 3652 649 194 October
2559 3654 401 194 werd
3023 3656 739 195 opgesteld
3784 3659 49 192 ,
3903 3659 233 193 ter
4231 3661 977 195 gelegenheid
5311 3665 281 192 van

680 3872 264 200 het
1048 3872 1200 200 nieuwjaarfeest
2352 3872 360 200 eene
2808 3872 799 200 liefdadige
3612 3872 48 200 -
3672 3872 888 200 inzameling
4632 3872 814 200 ingericht
5420 3872 52 200 .

940 4092 856 192 Aangezien
1952 4092 180 192 de
2256 4092 1244 192 landgemeenten
3632 4092 548 192 zonder
4308 4092 524 192 twijfel
4972 4092 342 192 voor
5424 4092 184 192 de

684 4304 760 184 arbeider's
1536 4304 240 184 die
1872 4304 228 184 uit
2168 4304 316 184 hun
2580 4304 528 184 gebied
3204 4304 856 184 opgeëischt
4168 4304 664 184 wierden
4896 4304 296 184 aan
5252 4304 356 184 deze

688 4496 912 192 inzameling
1704 4496 792 192 wenschen
2624 4496 320 192 deel
3080 4496 144 192 te
3352 4496 552 192 maken
3928 4496 16 192 ,
4056 4496 584 192 hebben
4768 4496 176 192 de
5075 4496 533 192 burge

680 4728 720 184 meesters
1528 4728 1032 184 onmiddellijk
2680 4728 264 184 het
3064 4728 640 184 noodige
3832 4728 288 184 aan
4256 4728 504 184 hunne
4907 4728 685 184 onderge

692 4944 676 160 schikten
1476 4944 320 160 mee
1888 4944 152 160 te
2136 4944 474 160 deelen
2639 4944 37 160 .

951 5144 297 177 Het
1375 5145 537 178 betreft
2007 5148 313 177 niet
2431 5150 257 177 het
2788 5151 1066 181 gereedmaken
3999 5156 281 177 van
4415 5158 265 177 een
4815 5160 305 177 pak
5239 5162 361 177 voor

688 5360 592 192 iederen
1352 5360 792 192 werkman
2216 5360 432 192 maar
2744 5360 176 192 de
2984 5360 472 192 giften
3528 5360 45 192 (
3571 5360 501 192 vooral
4168 5360 480 192 warm
4720 5360 872 192 waschgoed

688 5576 184 192 en
981 5576 765 192 kleederen
1781 5576 57 192 ,
1868 5576 1040 192 peperkoeken
2928 5576 24 192 ,
3024 5576 468 192 tabak
3500 5576 28 192 )
3600 5576 600 192 worden
4312 5576 184 192 op
4568 5576 252 192 het
4937 5576 659 192 gemeen

687 5789 497 178 tehuis
1271 5784 929 180 ingezameld
2263 5783 185 176 en
2543 5780 473 178 onder
3079 5776 641 179 toezicht
3783 5775 265 176 der
4111 5770 713 180 militaire
4887 5767 697 179 overheid

688 5992 160 192 in
936 5992 488 192 kisten
1528 5992 725 192 ingepakt
2252 5992 45 192 ,
2368 5992 232 192 die
2696 5992 296 192 dan
3088 5992 144 192 in
3304 5992 256 192 een
3672 5992 536 192 wagon
4304 5992 488 192 zullen
4888 5992 696 192 verladen

688 6208 608 196 worden
1312 6208 16 196 .
1436 6208 208 196 De
1772 6208 856 196 verdeeling
2720 6208 264 196 der
3108 6208 940 196 voorwerpen
4172 6208 764 196 geschiedt
5028 6208 292 196 aan
5412 6208 180 196 de

687 6416 1569 184 bestemmingsplaats
2367 6415 361 177 door
2831 6413 361 177 eene
3303 6408 841 180 commissie
4247 6407 297 177 van
4647 6402 870 180 werklieden
5545 6402 39 176 .
5570 6426 28 150 ,

952 6640 392 168 Voor
1480 6640 24 168 '
1512 6640 72 168 t
1720 6640 600 168 overige
2464 6640 552 168 blijven
3168 6640 296 168 ook
3600 6640 328 168 hier
4072 6640 184 168 de
4408 6640 1184 168 bestemmingen

1183 6859 257 176 het
1591 6854 965 180 postverkeer
2691 6853 153 176 in
3035 6849 549 178 kracht
3595 6849 29 176 ,
3779 6848 97 176 d
3891 6848 21 176 .

3038 6832 546 189 kracht
3598 6837 26 184 ,
3782 6838 90 185 d
3886 6839 26 184 .
4101 6841 138 185 w
4254 6842 26 184 .
4414 6844 570 189 zeggen
4997 6849 26 184 ,
5214 6851 318 186 geld
5543 6853 50 184 ,
5560 6849 30 164 ,

691 7040 613 194 brieven
1310 7043 29 192 ,
1483 7043 949 198 bederfelijke
2571 7049 737 195 goederen
3447 7053 185 192 en
3787 7055 973 196 voorwerpen
4935 7060 237 193 die
5319 7062 273 193 een

691 7284 557 191 gevaar
1315 7282 353 190 voor
1759 7278 477 191 brand
2303 7274 533 192 bieden
2848 7275 25 188 ,
2947 7270 537 192 mogen
3575 7269 317 189 niet
3975 7263 869 193 bijgevoegd
4947 7258 605 192 worden
5560 7259 25 188 .

960 7476 212 188 De
1284 7476 1424 188 Kommandantuur
2824 7476 228 188 zal
3176 7476 300 188 nog
3600 7476 840 188 meedeelen
4544 7476 232 188 tot
4888 7476 704 188 wanneer

687 7695 185 184 de
975 7690 905 188 inzameling
1991 7687 401 186 moet
2511 7682 825 189 afgesloten
3447 7681 289 185 zijn
3831 7680 49 184 (
3890 7674 1038 190 vermoedelijk
5055 7674 153 184 in
5303 7672 281 185 den

691 7912 334 171 loop
1143 7908 290 171 van
1535 7905 182 170 de
1819 7895 986 178 toekomende
2901 7890 398 172 week
3343 7890 52 168 )
3395 7890 35 168 .

692 6888 300 104 van

2719 8220 256 243 De
3165 8184 2216 273 Etappenkommandant
5354 8184 41 241 .

5349 8227 50 153 .

632 8514 292 108 Drukk
934 8514 16 108 ,
1012 8514 76 108 St
1152 8514 402 108 Antonius
1560 8514 24 108 ,
1642 8514 142 108 Jos
1790 8514 20 108 .
1872 8514 456 108 Dooreman
2334 8514 34 108 -
2382 8514 442 108 Volckaert
2830 8514 20 108 .
