8837 6598
1183 733 347 303 Mob
1533 734 92 300 .
1647 730 654 303 Etappen
2315 730 86 300 -
2407 722 1322 308 Kommandantuur

5011 924 172 193 E.
5311 925 196 193 H.
5627 927 200 193 O.
5850 928 37 192 ,
5999 928 325 194 den
6447 931 173 192 11
6679 932 77 192 -
6819 933 209 193 12
7095 934 77 192 -
7231 935 213 193 16
7466 936 37 192 .
7470 945 34 157 .

1144 1068 220 148 237
1416 1068 44 148 -
1516 1068 96 148 8.
1668 1068 112 148 A.
1840 1068 120 148 K.
2012 1068 48 148 -
2112 1068 200 148 der
2364 1068 100 148 4.
2508 1068 380 148 Armee
2896 1068 32 148 .
2984 1068 44 148 -
3080 1068 96 148 J.
3228 1068 158 148 Nr
3376 1068 32 148 .
3464 1068 268 148 4891
3740 1068 24 148 .

2320 1376 726 560 Aan
3272 1376 725 560 alle
4207 1376 2273 560 Gemeenten

7816 1540 241 164 572

3236 1556 264 354 2

1392 2276 240 208 De
1776 2276 1036 208 gemeenten
2964 2276 952 208 ontvangen
4072 2276 540 208 heden
4764 2276 1368 208 bestemmingen
6284 2276 1092 208 betreffende
7524 2276 292 208 het

1000 2616 1144 200 postverkeer
2272 2616 360 200 met
2752 2616 208 200 de
3096 2616 1024 200 burgerlijke
4232 2616 1032 200 werklieden
5296 2616 24 200 .
5464 2616 272 200 Uit
5840 2616 424 200 deze
6392 2616 416 200 doet
6928 2616 352 200 zich
7400 2616 408 200 voor

992 2944 288 208 dat
1408 2944 208 208 de
1736 2944 1128 208 familieleden
3000 2944 312 208 der
3448 2944 1232 208 opgeeischten
4816 2944 320 208 van
5264 2944 216 208 de
5608 2944 176 208 Z.
5904 2944 176 208 A.
6216 2944 184 208 B.
6512 2944 328 208 alle
6960 2944 832 208 maanden

988 3292 316 200 aan
1436 3292 316 200 een
1888 3292 820 200 bepalden
2844 3292 316 200 dag
3296 3292 648 200 pakken
4028 3292 260 200 op
4400 3292 212 200 de
4736 3292 1600 200 Kommandantuur
6352 3292 32 200 ,
6476 3292 652 200 Kouter
7216 3292 248 200 Nr
7476 3292 32 200 .
7588 3292 208 200 12

991 3624 681 157 kunnen
1807 3630 881 159 afleveren
2718 3637 25 152 .

1383 3964 245 193 De
1739 3966 1041 198 gemeenten
2915 3972 673 197 hebben
3703 3977 121 193 2
3939 3978 549 196 dagen
4607 3982 421 195 voor
5147 3985 937 198 aflevering
6215 3992 317 193 der
6659 3994 653 196 pakken
7338 3998 33 192 ,
7507 3999 289 194 het

982 4280 450 203 getal
1574 4284 305 202 van
2047 4287 208 202 de
2438 4290 1081 208 gevraagden
3662 4299 593 205 geelen
4390 4304 1369 211 paketadressen
5894 4315 313 203 aan
6343 4319 176 201 te
6646 4321 529 204 geven
7206 4325 33 200 ,
7367 4326 424 203 deze

982 4624 706 182 worden
1823 4630 360 180 hier
2327 4634 904 184 kosteloos
3358 4643 321 179 aan
3799 4646 216 178 de
4127 4649 1336 187 brievendrager
5590 4661 1154 185 overhandigd
6774 4670 25 176 .

4952 5024 192 312 De
5269 5024 652 312 Etappen
5929 5024 93 312 -
5977 5024 1373 312 Kommandantuur
7353 5024 55 312 .

3202 5468 294 116 Drukk
3504 5468 18 116 .
3578 5468 182 116 Sint
3762 5468 36 116 -
3806 5468 414 116 Antonius
4226 5468 18 116 ,
4300 5468 150 116 Jos
4456 5468 18 116 .
4529 5468 471 116 Dooreman
5029 5468 34 116 -
5075 5468 467 116 Volckaert
5546 5468 18 116 .
