6165 9162
376 352 5296 888 GERSTENZENTRALE

2448 1400 1176 432 GENT

1564 1944 883 406 Korte
2637 1951 113 401 “
2765 1952 893 407 Meire
3623 1959 113 401 ,
4036 1962 395 402 22
4444 1965 59 400 .

5317 1927 174 122 553

2936 2692 356 160 Gent
3300 2692 24 160 ,
3432 2692 260 160 den
3800 2692 164 160 15
4064 2692 752 160 December
4908 2692 356 160 1916
5280 2692 28 160 .

631 3112 1361 301 Omzendbrief
2155 3118 89 296 n
2274 3119 89 296 °
2471 3120 129 297 2
2759 3121 385 298 aan
3295 3123 233 297 de
3687 3125 1657 303 Burgemeesters
5358 3132 57 296 .

5376 3198 47 158 .

4491 4029 188 144 op
4806 4000 184 143 de

734 3636 291 155 Ten

1272 3630 288 170 inde
1703 3628 129 169 U
1991 3621 825 175 persoonlijk
2991 3616 601 173 alsmede
3751 3614 345 170 Uwe
4247 3605 1377 176 Gerstlandbouwers

419 3829 761 178 onnoodige
1343 3827 173 174 en

1345 3824 173 177 en
1667 3821 325 178 erge
2149 3813 1047 183 moeilijkheden
3351 3810 141 178 te
3655 3806 503 179 sparen
4170 3806 25 176 ,
4355 3802 453 179 wordt
4975 3799 183 177 gij
5337 3796 293 178 met

411 4019 1005 180 dringendheid
1607 4016 641 178 verzocht
2451 4012 665 178 volgende
3343 4007 937 180 mededeeling
4816 4006 171 154 de
5159 4006 472 154 meest

415 4216 1441 263 doeltreffende
2063 4212 609 259 wijze
2871 4208 409 259 aan

2875 4210 409 245 aan
3519 4208 479 245 Uwe
4234 4202 1036 249 inwoners
5439 4202 187 244 te

416 4536 474 180 doen
931 4536 49 180 .

740 4776 300 176 Alle
1128 4776 964 176 landbouwers
2184 4776 164 176 en
2440 4776 684 176 inwoners
3212 4776 240 176 der
3544 4776 732 176 Gemeente
4364 4776 444 176 welke
4880 4776 276 176 nog
5236 4776 384 176 gerst

415 4995 135 158 in
673 4993 289 159 hun
1079 4990 359 160 bezit
1549 4987 533 160 hebben
2089 4987 29 158 ,
2235 4983 573 161 kunnen
2921 4982 213 158 die
3255 4980 273 159 nog
3645 4975 645 162 afleveren
4323 4975 43 158 ,
4487 4970 773 162 ZONDER
5373 4969 247 159 dat

415 5189 163 178 zij
696 5180 514 184 gevaar
1311 5173 475 182 loopen
1919 5157 1058 191 moeilijkheden
3083 5153 164 179 er
3311 5148 331 181 door
3743 5145 138 178 te
3983 5137 495 183 hebben
4515 5137 38 176 .

735 5417 201 166 De
1075 5412 597 169 agenten
1819 5409 245 167 der
2231 5404 569 169 Gersten
2819 5404 37 164 -
2867 5399 637 169 Centrale
3631 5395 421 168 zullen
4099 5395 50 164 ,
4247 5392 273 166 aan

4678 5380 265 164 den
5102 5393 509 173 Burge

416 5611 578 285 meester
1183 5610 130 281 8
1471 5605 618 284 dagen
2247 5599 746 285 voorop
3144 5596 266 283 den
3520 5594 282 282 dag
3896 5592 394 282 dezer
4392 5587 498 284 laatste
4992 5583 610 284 levering

415 5918 537 165 bekend
1063 5916 509 165 maken
1583 5915 29 164 ,
1711 5914 173 165 en
1995 5913 321 165 deze
2411 5911 273 165 dag
2787 5910 233 165 zal
3095 5909 333 165 door
3523 5908 169 164 de
3787 5905 509 166 zorgen
4383 5904 269 165 van
4743 5903 269 164 den
5123 5901 436 165 Burge

415 6100 593 179 meester
1111 6099 273 177 aan
1479 6097 169 177 de
1759 6092 761 180 Bevolking
2631 6086 953 181 medegedeeld
3711 6083 545 178 worden
4272 6082 25 176 .

743 6342 193 177 De
1063 6336 617 181 betaling
1799 6334 217 178 zal
2135 6327 809 182 geschieden
3071 6325 169 177 op
3375 6319 593 181 dezelfde
4111 6317 377 178 wijze
4631 6314 201 177 als
4975 6310 329 179 voor
5423 6308 161 177 de

419 6624 655 183 vroegere
1155 6608 1298 191 gerstafleveringen
2468 6608 46 176 ,
2571 6605 174 178 en
2863 6599 398 181 zulks
3335 6597 170 177 op
3615 6590 442 181 grond
4167 6586 274 179 van
4525 6489 674 289 45,00
5344 6481 188 275 fr
5533 6480 59 271 .

424 6816 232 312 de
832 6816 408 312 100
1392 6816 408 312 Kgr
1816 6816 48 312 .
2024 6816 608 312 goede
2784 6816 240 312 en
3184 6816 864 312 gezonde
4200 6816 552 312 gerst
4776 6816 48 312 .

739 7193 497 166 ALLE
1357 7190 377 165 gerst
1803 7185 503 166 welke
2419 7182 183 164 na
2713 7178 419 166 dezen
3243 7174 485 166 datum
3843 7170 275 165 nog
4225 7168 147 164 in
4481 7166 363 164 bezit
4961 7162 267 164 van
5335 7159 253 164 een

419 7384 893 163 landbouwer
1399 7382 133 157 of
1631 7376 617 161 inwoner
2367 7373 241 158 der
2723 7365 733 163 Gemeente
3567 7363 213 158 zal
3891 7356 705 162 bevonden
4695 7351 553 161 worden
5260 7351 25 156 ,
5371 7348 213 158 zal

423 7590 155 209 in
631 7584 466 213 beslag
1159 7578 554 214 worden
1798 7571 631 215 genomen
2453 7570 64 209 ,
2544 7568 178 210 en
2799 7566 146 209 te
3000 7561 378 212 meer
3432 7557 338 212 eene
3823 7550 682 215 strenge
4583 7539 1002 219 bestraffing

424 7837 154 162 er
672 7833 171 162 op
935 7824 466 168 volgen
1412 7823 46 161 .

2962 8020 201 143 DE
3270 8025 818 154 VOORZITTER
4106 8039 38 141 ,

1952 8260 345 259 get
2303 8261 42 256 .
2487 8252 932 263 FALKE
3425 8252 64 256 ,
3647 8240 1354 266 Hauptmann
5023 8240 42 256 .

600 8690 9 13 SC

1981 8714 269 99 Drukk
2255 8714 19 98 .
2327 8713 73 98 St
2457 8710 371 100 Antonius
2831 8710 21 98 ,
2905 8709 131 98 Jos
3041 8708 21 98 .
3119 8705 423 101 Dooreman
3545 8705 33 98 -
3589 8702 403 101 Volekaert
3995 8702 21 98 .
