5761 8431
1372 736 3027 426 BEKENDMAKING

4860 940 224 169 554

751 1536 133 141 Al
967 1537 149 140 de
1191 1538 1189 147 telefoontoestellen
2405 1546 35 140 ,
2523 1546 189 141 die
2795 1548 97 140 in
2995 1549 205 141 het
3303 1551 313 142 bezit
3711 1553 217 141 zijn
3991 1555 241 141 van
4339 1557 149 141 de
4591 1558 713 145 burgerlijke

483 1796 613 151 bevolking
1114 1800 25 148 ,
1235 1801 225 149 ook
1563 1803 324 150 huis-
1979 1806 149 149 en
2227 1808 973 154 tafeltoestellen
3218 1815 21 148 ,
3331 1816 505 151 worden
3947 1820 101 148 in
4155 1821 417 151 beslag
4675 1825 581 152 genomen
5278 1829 21 148 .

759 2120 349 133 leder
1119 2121 21 132 ,
1227 2122 185 132 die
1523 2123 221 132 een
1827 2124 653 136 dergelijke
2585 2127 472 135 toestel
3135 2129 313 134 bezit
3559 2131 129 133 of
3783 2132 101 132 in
4011 2133 605 134 bewaring
4727 2136 339 133 heeft
5070 2138 34 132 ,
5211 2138 97 132 is

475 2376 593 166 verplicht
1179 2378 221 165 het
1507 2380 297 165 vóór
1919 2381 225 165 den
2279 2383 189 164 24
2475 2384 37 164 "
2523 2384 489 165 -12-16
3127 2386 721 168 schriftelijk
3955 2390 101 164 in
4163 2391 209 164 het
4475 2392 833 167 politiebureel

476 2628 220 152 van
776 2628 304 152 zijne
1156 2628 268 152 wijk
1516 2628 132 152 of
1652 2628 20 152 ,
1764 2628 116 152 in
1984 2628 148 152 de
2228 2628 736 152 gemeenten
2984 2628 20 152 ,
3140 2628 100 152 in
3304 2628 268 152 het
3676 2628 408 152 bureel
4204 2628 216 152 van
4540 2628 224 152 den
4860 2628 432 152 burge

480 2900 552 164 meester
1140 2900 228 164 aan
1480 2900 132 164 te
1724 2900 388 164 geven
2132 2900 20 164 .
2300 2900 612 164 Insgelijks
3016 2900 112 164 is
3244 2900 148 164 de
3508 2900 584 164 eigenaar
4204 2900 184 164 tot
4500 2900 148 164 de
4764 2900 532 164 aangifte

468 3176 592 148 verplicht
1072 3176 24 148 ,
1180 3176 584 148 wanneer
1836 3176 304 148 zijne
2216 3176 664 148 toestellen
2960 3176 256 148 zich
3307 3176 86 148 in
3496 3176 208 148 het
3788 3176 312 148 bezit
4176 3176 128 148 of
4376 3176 620 148 bewaring
5072 3176 216 148 van

467 3444 465 130 andere
1031 3447 725 131 burgerlijke
1839 3451 605 131 personen
2535 3455 573 131 bevinden
3127 3458 21 128 .

743 3744 257 145 Wie
1119 3746 413 147 nalaat
1627 3750 153 145 de
1895 3752 538 148 aangifte
2438 3756 34 144 ,
2571 3757 553 148 waartoe
3243 3762 145 145 hij
3507 3764 305 146 door
3927 3767 301 146 deze
4343 3770 953 152 bekendmaking

468 4024 604 156 verplicht
1168 4024 96 156 is
1280 4024 20 156 ,
1432 4024 124 156 te
1656 4024 312 156 doen
1992 4024 20 156 ,
2092 4024 496 156 valsche
2708 4024 860 156 verklaringen
3692 4024 384 156 aflegt
4184 4024 128 156 of
4400 4024 148 156 de
4640 4024 648 156 toestellen

427 4301 645 138 vernietigt
1083 4301 25 136 ,
1159 4300 293 137 doet
1503 4296 745 140 verdwijnen
2331 4296 133 136 of
2495 4295 153 137 op
2727 4293 425 138 eenige
3211 4291 341 138 wijze
3595 4289 598 138 verbergt
4189 4289 35 136 ,
4275 4288 405 137 wordt
4731 4285 537 138 bestraft

436 4560 252 144 met
800 4560 312 144 eene
1228 4560 364 144 boete
1704 4560 192 144 tot
1988 4560 456 144 10000
2536 4560 344 144 Mark
2980 4560 144 144 en
3240 4560 192 144 tot
3544 4560 264 144 drie
3904 4560 280 144 jaar
4296 4560 736 144 gevangenis
5144 4560 128 144 of

440 4844 252 136 met
804 4844 308 136 eene
1224 4844 376 136 dezer
1712 4844 521 136 straffen
2256 4844 33 136 ,
2384 4844 852 136 daarenboven
3360 4844 252 136 met
3688 4844 1260 136 verbeurtverklaring
5044 4844 220 136 van

435 5123 148 112 de
695 5120 648 114 toestellen
1363 5120 24 112 .

3368 5104 36 152 (
3440 5104 144 152 Et
3600 5104 20 152 .
3712 5104 264 152 Insp
3996 5104 20 152 .
4108 5104 232 152 Bef
4344 5104 24 152 .
4452 5104 436 152 89318
4912 5104 40 152 )
4964 5104 20 152 .

715 5561 317 142 Gent
1048 5561 21 140 ,
1163 5557 225 143 den
1479 5555 145 142 17
1715 5548 693 147 December
2495 5545 309 143 1916
2824 5545 21 140 .

3554 5760 106 112 De
3726 5760 346 112 Etappen
4082 5760 32 112 -
4122 5760 576 112 Kommandant
4700 5760 20 112 ,

3616 5960 366 255 von
4062 5920 542 266 Wick
4605 5916 55 235 .

3803 6277 636 90 Oberstleutnant

435 6655 118 216 N.
631 6654 110 217 B.
803 6654 33 216 -
911 6653 125 217 Te
1139 6651 617 218 Meirelbeke
1859 6649 421 217 worden
2383 6648 125 216 de
2611 6646 533 217 aangiften
3215 6645 109 216 in
3407 6644 181 217 het
3687 6641 733 219 Politiebureel
4503 6639 521 218 aanvaard
5107 6638 161 216 tot

1888 7008 512 232 Zaterdag
2488 7008 128 232 23
2672 7008 40 232 -
2768 7008 120 232 12
2944 7008 32 232 -
3040 7008 120 232 16
3240 7008 16 232 '
3272 7008 48 232 s
3376 7008 493 232 middags

3824 7008 57 232 .

2019 7542 210 75 Drukk
2235 7542 12 74 .
2287 7541 128 75 Sint
2419 7541 24 74 -
2449 7539 292 76 Antonius
2747 7539 12 74 ,
2799 7538 106 75 Jos
2911 7538 12 74 .
2960 7536 332 76 Dooreman
3318 7536 22 74 -
3354 7533 329 76 Volekaert
3686 7533 13 74 .

3308 7571 29 15 Bu
