6342 9311
667 324 1181 207 VERORDENING
1903 330 789 206 betreffende
2743 336 709 203 strooivlas
3466 340 33 200 ,
3547 340 605 203 bewerkt
4207 344 289 201 vlas
4547 346 161 201 en
4763 347 401 202 heede
5211 350 52 200 (
5259 350 521 203 klodden
5787 353 52 200 )
5804 353 52 200 .

1127 860 3 12 -

1921 1488 3 11 -

1546 1559 27 39 a

5613 1695 119 94 1ool

775 560 165 106 Onder
978 560 256 106 opheffing
1248 560 116 106 der
1406 560 398 106 verordeningen
1830 560 94 106 van
1965 560 31 106 1
2015 560 262 106 December
2316 560 118 106 1915
2463 560 31 106 (
2493 560 483 106 Verordeningsblad
3004 560 124 106 voor
3142 560 96 106 het
3266 560 438 106 Etappengebied
3718 560 96 106 van
3849 560 92 106 het
3982 560 105 106 4de
4102 560 138 106 leger
4256 560 62 106 Nº
4346 560 58 106 15
4410 560 12 106 ,
4446 560 80 106 blz
4532 560 10 106 .
4585 560 218 106 122-123
4805 560 31 106 ,
4834 560 94 106 van
4966 560 60 106 15
5047 560 159 106 April
5222 560 118 106 1916
5367 560 31 106 (
5397 560 497 106 Verordeningsblad

630 644 116 90 voor
788 644 86 90 het
916 644 448 90 Etapppengebied
1400 644 94 90 van
1520 644 88 90 het
1642 644 98 90 4de
1778 644 136 90 leger
1916 644 12 90 ,
1952 644 62 90 Nº
2047 644 67 90 32
2112 644 27 90 ,
2144 644 78 90 blz
2232 644 24 90 .
2278 644 220 90 232-234
2500 644 18 90 )
2546 644 62 90 en
2626 644 96 90 van
2742 644 54 90 9
2822 644 256 90 Augustus
3110 644 130 90 1916
3258 644 20 90 (
3284 644 490 90 Verordeningsblad
3800 644 120 90 voor
3942 644 90 90 het
4056 644 412 90 Etappengebied
4488 644 94 90 van
4598 644 90 90 het
4714 644 96 90 4de
4836 644 138 90 leger
4990 644 48 90 N
5042 644 14 90 :
5072 644 68 90 46
5144 644 12 90 ,
5176 644 78 90 blz
5262 644 8 90 .
5294 644 218 90 360-363
5516 644 18 90 )
5540 644 12 90 ,
5578 644 162 90 wordt
5768 644 120 90 voor

621 731 86 80 het
725 730 180 81 gebied
933 730 90 80 van
1053 729 88 80 het
1159 728 96 81 Ade
1277 728 142 80 leger
1441 725 310 83 betreffende
1777 724 264 82 strooivlas
2047 724 10 80 ,
2081 723 227 81 bewerkt
2340 722 103 81 vlas
2451 722 64 80 en
2549 721 158 81 heede
2730 721 24 80 (
2749 720 220 81 klodden
2977 719 24 80 )
3027 718 226 81 bestemd
3289 718 70 80 als
3397 717 142 80 volgt
3559 717 12 80 :

756 829 246 54 ARTIKEL
1042 832 26 52 1
1073 833 11 52 .
1228 810 114 88 Wie
1380 810 278 88 voorraden
1694 810 94 88 van
1824 810 260 88 strooivlas
2090 810 10 88 ,
2136 810 226 88 bewerkt
2417 810 101 88 vlas
2567 810 48 88 of
2651 810 153 88 heede
2830 810 24 88 (
2853 810 209 88 klodden
3067 810 19 88 )
3116 810 62 88 in
3214 810 256 88 bewaring
3504 810 147 88 heeft
3640 810 18 88 ,
3694 810 44 88 is
3774 810 250 88 verplicht
4038 810 82 88 de
4156 810 372 88 hoeveelheden
4532 810 12 88 ,
4570 810 330 88 voorhanden
4944 810 164 88 zijnde
5140 810 102 88 den
5288 810 26 88 1
5318 810 14 88 '
5358 810 96 88 van
5486 810 166 88 iedere
5688 810 183 88 maand
5876 810 16 88 ,

614 892 304 84 gescheiden
956 892 62 84 na
1060 892 264 84 strooivlas
1330 892 12 84 ,
1384 892 226 84 bewerkt
1656 892 100 84 vlas
1806 892 58 84 en
1914 892 222 84 klodden
2180 892 62 84 en
2292 892 102 84 met
2430 892 186 84 opgaaf
2652 892 94 84 van
2792 892 60 84 de
2894 892 246 84 eigenaars
3184 892 62 84 en
3282 892 60 84 de
3380 892 282 84 bergplaats
3704 892 92 84 aan
3820 892 10 84 '
3832 892 24 84 t
3882 892 206 84 bestuur
4124 892 20 84 (
4151 892 367 84 burgemeester
4554 892 62 84 en
4640 892 282 84 schepenen
4931 892 19 84 )
4986 892 110 84 dier
5132 892 262 84 gemeente
5436 892 64 84 op
5540 892 130 84 wier
5713 892 185 84 grond

615 979 185 83 gebied
823 978 61 81 de
903 975 289 83 bergplaats
1211 973 111 81 zich
1347 970 215 82 bevindt
1566 970 13 80 ,
1605 969 81 80 tot
1709 967 99 81 den
1833 966 47 81 3e
1905 965 95 81 van
2021 963 167 81 iedere
2215 960 181 82 maand
2423 959 53 80 te
2499 956 265 82 berichten
2769 955 11 80 .

750 1042 80 94 De
856 1042 296 94 gemeenten
1178 1042 202 94 moeten
1416 1042 124 94 door
1566 1042 60 94 de
1652 1042 396 94 burgemeesters
2066 1042 64 94 en
2154 1042 282 94 schepenen
2462 1042 60 94 de
2548 1042 54 94 in
2628 1042 94 94 den
2744 1042 202 94 omtrek
2970 1042 190 94 hunner
3186 1042 258 94 gemeente
3484 1042 322 94 voorhanden
3834 1042 276 94 voorraden
4136 1042 92 94 van
4275 1042 165 94 strooi
4434 1042 95 94 vlas
4535 1042 28 94 ,
4574 1042 224 94 bewerkt
4842 1042 106 94 vlas
4974 1042 64 94 en
5074 1042 226 94 klodden
5336 1042 104 94 met
5476 1042 194 94 opgaaf
5692 1042 94 94 van
5830 1042 64 94 de

611 1139 261 81 eigenaars
897 1139 61 78 en
977 1138 61 78 de
1057 1135 287 81 bergplaats
1349 1135 11 78 ,
1385 1134 95 79 aan
1505 1133 63 79 de
1587 1131 253 80 Etappen-
1865 1130 57 79 of
1943 1125 617 83 Ortskommandanturen
2587 1124 81 79 tot
2691 1123 97 79 den
2815 1122 47 79 5º
2889 1121 93 79 van
3001 1120 169 79 iedere
3195 1118 181 79 maand
3403 1116 265 80 berichten
3677 1115 5 78 .

750 1234 248 54 ARTIKEL
1020 1236 28 52 2
1054 1236 10 52 .
1128 1206 27 90 -
1189 1206 126 90 Voor
1350 1206 226 90 bewerkt
1614 1206 102 90 vlas
1752 1206 64 90 en
1840 1206 156 90 heede
2022 1206 16 90 (
2044 1206 216 90 klodden
2266 1206 18 90 )
2312 1206 94 90 van
2444 1206 94 90 den
2566 1206 166 90 ouden
2758 1206 62 90 en
2856 1206 226 90 nieuwen
3106 1206 146 90 oogst
3286 1206 204 90 worden
3512 1206 60 90 de
3592 1206 242 90 volgende
3852 1206 208 90 hoogste
4080 1206 194 90 prijzen
4296 1206 208 90 bepaald
4534 1206 10 90 :

751 1301 24 78 1
781 1301 18 78 )
837 1301 60 78 In
933 1300 158 79 water
1117 1299 176 79 geroot
1315 1299 102 78 vlas
1439 1299 10 78 :
1487 1299 30 78 a
1521 1299 16 78 )
1565 1298 96 78 250
1667 1298 12 78 ,
1689 1298 56 78 -
1769 1297 78 79 tot
1883 1297 98 78 350
1985 1297 12 78 ,
2001 1297 64 78 -
2103 1295 210 80 franken
2317 1296 15 78 ,
2361 1295 204 78 volgens
2591 1293 374 80 hoedanigheid
2961 1293 18 78 ,
3003 1293 88 78 per
3111 1292 112 79 baal
3249 1292 92 78 van
3367 1291 94 79 104
3481 1291 134 78 kilos
3643 1290 150 79 bruto
3813 1290 56 78 of
3895 1290 90 78 103
4013 1289 130 78 kilos
4165 1288 138 79 netto
4331 1287 328 79 Kortrijksch
4679 1287 102 78 vlas
4789 1286 8 78 .

745 1389 29 74 b
775 1389 19 74 )
821 1388 93 75 190
917 1388 13 74 ,
935 1386 63 75 -
1019 1386 79 74 tot
1119 1385 99 74 250
1221 1384 13 74 ,
1239 1383 63 75 –
1327 1381 214 76 franken
1545 1381 17 74 ,
1581 1378 207 76 volgens
1813 1373 365 79 hoedanigheid
2194 1374 23 74 ,
2219 1372 123 76 voor
2367 1371 93 75 100
2485 1369 135 76 kilos
2643 1366 265 77 Vlaamsch
2927 1365 155 75 blauw
3107 1363 103 75 vlas
3215 1363 11 74 .

751 1443 27 96 2
774 1443 27 96 )
824 1443 78 96 Op
919 1443 121 96 gras
1060 1443 180 96 geroot
1276 1443 104 96 vlas
1405 1443 19 96 (
1427 1443 275 96 Veldroten
1707 1443 18 96 )
1749 1443 11 96 :
1804 1443 91 96 130
1899 1443 12 96 ,
1916 1443 63 96 -
2005 1443 77 96 tot
2116 1443 91 96 180
2212 1443 11 96 ,
2231 1443 60 96 -
2316 1443 226 96 franken
2543 1443 17 96 ,
2603 1443 207 96 volgens
2829 1443 365 96 hoedanigheid
3197 1443 28 96 ,
3249 1443 120 96 voor
3396 1443 93 96 100
3508 1443 134 96 kilos
3662 1443 312 96 gezwingeld
3980 1443 9 96 .
4010 1443 63 96 op
4092 1443 113 96 gras
4222 1443 177 96 geroot
4418 1443 103 96 vlas
4525 1443 11 96 ,
4563 1443 140 96 om't
4723 1443 137 96 even
4880 1443 93 96 van
4999 1443 160 96 welke
5180 1443 229 96 afkomst
5403 1443 13 96 .

747 1541 28 74 3
779 1541 18 74 )
825 1540 238 75 Klodden
1089 1539 22 74 (
1122 1537 343 76 Emouchures
1461 1537 18 74 )
1509 1537 8 74 :
1545 1537 28 74 a
1579 1536 16 74 )
1627 1536 59 74 80
1698 1536 16 74 ,
1739 1536 34 74 —
1795 1534 210 75 franken
2033 1533 120 75 voor
2169 1531 340 76 gezwingelde
2531 1531 16 74 (
2551 1529 340 76 retravaillées
2895 1529 18 74 )
2937 1528 80 74 van
3037 1527 142 75 beste
3203 1525 412 76 hoedanigheden
3625 1524 8 74 .

747 1625 29 70 b
777 1625 19 70 )
827 1624 93 71 100
927 1624 17 70 ,
967 1623 39 70 -
1038 1621 205 71 franken
1273 1619 121 71 voor
1417 1617 203 71 zuivere
1647 1614 219 72 naturen
1889 1613 95 71 van
2009 1611 137 71 beste
2171 1607 377 74 hoedanigheid
2555 1607 7 70 .

754 1705 26 72 c
782 1705 17 72 )
828 1704 96 73 120
928 1704 11 72 ,
943 1703 65 73 -
1027 1701 218 74 franken
1268 1700 125 73 voor
1416 1698 222 73 snuitjes
1664 1697 95 72 van
1786 1695 141 73 beste
1950 1692 375 75 hoedanigheid
2330 1691 12 72 .

741 1779 19 76 d
775 1779 19 76 )
823 1778 95 77 140
921 1778 13 76 ,
943 1777 63 77 —
1027 1775 213 78 franken
1269 1774 117 77 voor
1403 1770 377 79 kammelingen
1805 1770 19 76 (
1827 1767 275 78 gehekelde
2105 1767 19 76 )
2145 1766 93 76 van
2259 1764 137 77 beste
2421 1761 377 79 hoedanigheid
2803 1760 13 76 .

742 1857 134 75 Voor
896 1855 266 77 strooivlas
1182 1854 165 76 wordt
1367 1854 81 75 die
1469 1852 127 77 prijs
1615 1853 54 75 in
1701 1851 250 76 rekening
1968 1850 195 76 gesteld
2168 1850 10 75 ,
2201 1849 158 76 welke
2380 1849 90 75 aan
2499 1848 60 75 de
2580 1847 121 76 voor
2720 1846 223 76 bewerkt
2959 1846 19 75 (
2976 1844 308 77 gezwingeld
3295 1844 19 75 )
3338 1843 100 76 vlas
3457 1842 238 76 bepaalde
3718 1841 205 76 hoogste
3945 1840 190 76 prijzen
4167 1838 343 77 beantwoordt
4518 1838 10 75 .

739 1935 81 80 Bij
845 1933 229 82 mindere
1093 1931 375 82 hoedanigheid
1487 1930 63 81 en
1569 1929 243 81 slechtere
1837 1927 295 81 bewerking
2155 1924 355 83 verminderen
2535 1924 65 80 de
2619 1922 209 81 hoogste
2853 1920 187 82 prijzen
3061 1917 559 83 dienovereenkomstig
3623 1917 18 80 .

743 2033 239 58 ARTIKEL
1011 2035 29 56 3
1046 2035 9 56 .
1164 2004 96 90 Elk
1286 2004 204 90 vervoer
1508 2004 94 90 van
1622 2004 269 90 strooivlas
1889 2004 16 90 ,
1924 2004 170 90 ruwen
2114 2004 198 90 hennep
2318 2004 12 90 ,
2350 2004 226 90 bewerkt
2596 2004 104 90 vlas
2726 2004 56 90 of
2806 2004 150 90 heede
2974 2004 27 90 (
2999 2004 216 90 klodden
3217 2004 27 90 )
3265 2004 176 90 zonder
3462 2004 118 90 eene
3610 2004 316 90 vergunning
3948 2004 86 90 der
4070 2004 214 90 Etappen
4300 2004 22 90 -
4327 2004 289 90 Inspektion
4638 2004 28 90 (
4662 2004 591 90 Wirtschaftsausschuss
5255 2004 19 90 )
5294 2004 56 90 of
5368 2004 90 90 der
5487 2004 330 90 vlasbureelen
5847 2004 50 90 te

599 2106 247 71 Kortrijk
869 2105 63 68 en
959 2101 231 71 Lokeren
1209 2100 45 68 is
1273 2095 257 72 verboden
1534 2095 11 68 .

741 2189 78 68 De
839 2187 220 69 verkoop
1080 2185 94 69 van
1192 2183 229 70 bewerkt
1439 2182 105 68 vlas
1563 2181 56 68 of
1638 2178 218 70 klodden
1888 2177 111 69 mag
2022 2175 162 70 alleen
2208 2172 303 71 geschieden
2531 2171 93 68 aan
2650 2170 14 68 :

739 2259 24 76 1
769 2259 18 76 )
805 2259 78 76 De
909 2258 254 77 afdeeling
1181 2257 124 77 voor
1331 2257 136 76 ruwe
1491 2256 184 76 stoffen
1701 2255 18 76 (
1731 2255 14 76 «
1771 2254 235 77 Rohstoff
2016 2254 18 76 -
2036 2253 277 77 Abteilung
2349 2253 12 76 »
2371 2253 18 76 )
2409 2252 50 76 te
2483 2252 147 76 Gent
2618 2252 17 76 ,
2663 2249 564 79 Gouvernementstraat
3220 2249 21 76 ,
3269 2249 56 76 18
3331 2249 12 76 .

729 2345 39 68 2
772 2345 20 68 )
811 2344 61 69 de
891 2341 347 71 vlasbureelen
1263 2341 55 68 te
1343 2338 247 70 Kortrijk
1607 2338 61 68 en
1695 2336 222 69 Lokeren
1929 2335 15 68 .

734 2410 76 82 De
830 2410 218 82 verkoop
1074 2410 94 82 van
1190 2410 262 82 strooivlas
1478 2410 86 82 ten
1586 2410 146 82 einde
1752 2410 226 82 bewerkt
1996 2410 50 82 te
2068 2410 200 82 worden
2274 2410 10 82 ,
2306 2410 114 82 mag
2446 2410 102 82 met
2572 2410 252 82 toelating
2846 2410 86 82 van
2950 2410 92 82 den
3122 2410 592 82 Wirtschaftsausschuss
3746 2410 12 82 ,
3788 2410 54 82 of
3860 2410 88 82 van
3970 2410 58 82 de
4056 2410 342 82 vlasbureelen
4422 2410 48 82 te
4494 2410 238 82 Kortrijk
4758 2410 60 82 en
4848 2410 230 82 Lokeren
5098 2410 94 82 ook
5224 2410 294 82 geschieden
5544 2410 92 82 aan
5662 2410 60 82 de
5757 2410 135 82 Vlas

3077 2409 15 75 «

601 2499 659 72 bewerkingsinrichtingen
1266 2499 18 70 .

732 2592 244 60 ARTIKEL
980 2592 10 60 .
1012 2592 46 60 4.
1080 2592 16 60 -
1166 2578 76 76 De
1262 2578 278 76 voorraden
1562 2578 92 76 van
1676 2578 264 76 strooivlas
1946 2578 10 76 ,
1976 2578 226 76 bewerkt
2220 2578 104 76 vlas
2344 2578 60 76 en
2430 2578 224 76 klodden
2680 2578 96 76 van
2794 2578 96 76 den
2916 2578 156 76 ouden
3098 2578 60 76 en
3182 2578 230 76 nieuwen
3448 2578 144 76 oogst
3628 2578 198 76 moeten
3854 2578 64 76 op
3938 2578 244 76 aanvraag
4208 2578 90 76 der
4320 2578 260 76 bevoegde
4612 2578 244 76 Etappen-
4892 2578 58 76 of
4980 2578 616 76 Ortskommandanturen
5622 2578 92 76 aan
5740 2578 60 76 de
5836 2578 54 76 in

596 2660 182 78 artikel
804 2660 30 78 3
854 2660 156 78 onder
1038 2660 20 78 1
1082 2660 62 78 en
1166 2660 30 78 2
1216 2660 316 78 aangeduide
1552 2660 300 78 ambtelijke
1878 2660 238 78 bureelen
2140 2660 204 78 worden
2370 2660 248 78 afgestaan
2622 2660 18 78 .
2666 2660 186 78 Indien
2872 2660 106 78 men
3002 2660 86 78 het
3116 2660 114 78 over
3254 2660 60 78 de
3334 2660 330 78 verkoopsom
3704 2660 106 78 niet
3834 2660 116 78 eens
3974 2660 162 78 wordt
4138 2660 12 78 ,
4174 2660 88 78 zoo
4288 2660 74 78 zal
4400 2660 60 78 de
4488 2660 134 78 prijs
4640 2660 124 78 door
4784 2660 60 78 de
4870 2660 56 78 in
4962 2660 186 78 artikel
5174 2660 28 78 3
5232 2660 160 78 onder
5420 2660 26 78 1
5472 2660 62 78 en
5560 2660 30 78 2
5614 2660 274 78 genoemde

592 2751 238 71 besturen
832 2750 13 70 ,
869 2749 171 71 samen
1061 2748 105 70 met
1185 2747 93 70 één
1301 2744 270 72 Belgische
1591 2741 315 73 deskundige
1931 2739 212 72 bepaald
2168 2737 196 71 worden
2370 2737 14 70 .

741 2838 244 61 ARTIKEL
1001 2841 28 58 5
1036 2841 11 58 .
1154 2824 110 86 Met
1293 2824 74 86 ten
1392 2824 204 86 hoogste
1620 2824 28 86 3
1664 2824 112 86 jaar
1796 2824 300 86 gevangenis
2116 2824 58 86 en
2200 2824 108 86 met
2328 2824 86 86 ten
2434 2824 210 86 hoogste
2666 2824 182 86 30,000
2870 2824 134 86 mark
3024 2824 266 86 geldboete
3316 2824 56 86 of
3388 2824 102 86 met
3508 2824 120 86 eene
3646 2824 144 86 dezer
3808 2824 204 86 straffen
4032 2824 164 86 wordt
4214 2824 214 86 gestraft
4448 2824 12 86 :

734 2906 24 86 1
764 2906 18 86 )
812 2906 112 86 Wie
942 2906 132 86 zijne
1100 2906 278 86 voorraden
1404 2906 92 86 aan
1516 2906 60 86 de
1594 2906 502 86 gemeentebesturen
2118 2906 106 86 niet
2230 2906 10 86 ,
2262 2906 108 86 niet
2394 2906 128 86 stipt
2548 2906 66 86 op
2630 2906 104 86 tijd
2760 2906 56 86 of
2836 2906 184 86 onjuist
3038 2906 209 86 opgeeft
3237 2906 17 86 .

730 2988 108 82 Met
860 2988 220 82 dezelfde
1100 2988 208 82 straffen
1326 2988 200 82 worden
1554 2988 60 82 de
1638 2988 402 82 burgemeesters
2060 2988 62 82 en
2142 2988 278 82 schepenen
2442 2988 214 82 gestraft
2680 2988 82 82 die
2788 2988 246 82 aangiften
3062 2988 118 82 over
3204 2988 278 82 voorraden
3502 2988 92 82 aan
3614 2988 60 82 de
3700 2988 248 82 Etappen-
3970 2988 54 82 of
4038 2988 612 82 Ortskommandanturen
4672 2988 384 82 doorgezonden
5080 2988 198 82 hebben
5282 2988 10 82 ,
5312 2988 94 82 van
5430 2988 162 82 welke
5616 2988 64 82 zij
5704 2988 180 82 wisten

592 3078 58 70 of
661 3077 205 71 volgens
892 3076 61 70 de
973 3073 453 73 omstandigheden
1447 3071 223 71 moesten
1690 3070 163 71 weten
1859 3069 10 70 ,
1890 3069 89 70 dat
2002 3068 64 70 zij
2097 3066 194 72 onjuist
2311 3066 94 70 zijn
2413 3065 18 70 .

731 3157 31 70 2
763 3157 19 70 )
807 3156 119 71 Wie
945 3155 61 71 de
1025 3153 239 72 bepaalde
1283 3151 209 72 hoogste
1511 3148 193 73 prijzen
1721 3149 51 70 te
1795 3147 161 71 boven
1975 3146 119 71 gaat
2097 3146 11 70 .

732 3226 30 80 3
766 3226 18 80 )
804 3226 116 80 Wie
942 3226 90 80 een
1060 3226 220 80 anderen
1298 3226 210 80 persoon
1526 3226 80 80 tot
1628 3226 88 80 het
1742 3226 236 80 afsluiten
2006 3226 94 80 van
2120 3226 92 80 een
2232 3226 228 80 contract
2486 3226 296 80 uitnoodigt
2788 3226 10 80 ,
2826 3226 114 80 door
2974 3226 80 80 het
3056 3226 126 80 welk
3210 3226 58 80 de
3296 3226 210 80 hoogste
3528 3226 190 80 prijzen
3738 3226 50 80 te
3810 3226 160 80 boven
3992 3226 186 80 gegaan
4200 3226 202 80 worden
4410 3226 10 80 ,
4442 3226 54 80 of
4514 3226 90 80 wie
4624 3226 112 80 zich
4758 3226 118 80 voor
4898 3226 90 80 een
5008 3226 250 80 dergelijk
5280 3226 228 80 contract
5526 3226 238 80 aanbiedt
5768 3226 12 80 .

729 3315 32 66 4
763 3315 18 66 )
809 3314 110 67 Wie
941 3313 188 67 zonder
1151 3311 248 68 toelating
1417 3310 262 67 strooivlas
1683 3309 10 66 ,
1713 3308 230 67 bewerkt
1963 3307 102 67 vlas
2087 3307 56 66 of
2155 3305 220 68 klodden
2401 3303 231 68 vervoert
2636 3303 12 66 .

730 3384 24 82 5
762 3384 18 82 )
794 3384 116 82 Wie
930 3384 269 82 strooivlas
1195 3384 16 82 ,
1234 3384 224 82 bewerkt
1480 3384 102 82 vlas
1606 3384 54 82 of
1682 3384 222 82 klodden
1924 3384 92 82 aan
2038 3384 218 82 anderen
2280 3384 70 82 als
2372 3384 62 82 de
2456 3384 52 82 in
2546 3384 186 82 artikel
2754 3384 28 82 3
2804 3384 150 82 onder
2980 3384 22 82 1
3030 3384 62 82 en
3116 3384 30 82 2
3170 3384 62 82 en
3252 3384 310 82 aangeduide
3600 3384 282 82 overheden
3920 3384 56 82 of
4014 3384 180 82 zonder
4232 3384 248 82 toelating
4516 3384 92 82 aan
4656 3384 60 82 de
4750 3384 764 82 vlasbewerkingsinrichtingen
5534 3384 250 82 verkoopt
5812 3384 72 82 of

596 3470 180 63 anders
794 3471 294 64 vervreemd
1096 3474 6 62 .

730 3538 30 80 6
762 3538 18 80 )
810 3538 116 80 Wie
952 3538 138 80 zijne
1116 3538 274 80 voorraden
1412 3538 94 80 van
1532 3538 102 80 vlas
1638 3538 10 80 ,
1670 3538 224 80 klodden
1914 3538 62 80 en
1996 3538 264 80 strooivlas
2282 3538 228 80 ondanks
2530 3538 142 80 bevel
2692 3538 88 80 der
2804 3538 240 80 bevoegde
3062 3538 254 80 Etappen-
3344 3538 54 80 of
3414 3538 554 80 Ortskommandantur
4000 3538 106 80 niet
4134 3538 90 80 aan
4244 3538 62 80 de
4324 3538 56 80 in
4400 3538 184 80 artikel
4610 3538 30 80 3
4660 3538 156 80 onder
4844 3538 18 80 1
4892 3538 60 80 en
4978 3538 30 80 2
5028 3538 310 80 aangeduide
5358 3538 278 80 overheden
5656 3538 210 80 aflevert
5867 3538 15 80 .

741 3623 21 72 7
763 3623 21 72 )
809 3623 118 72 Wie
953 3622 280 73 voorraden
1259 3621 94 72 van
1381 3620 262 73 strooivlas
1645 3620 12 72 ,
1671 3619 244 73 bewerkt
1941 3618 104 73 vlas
2079 3618 52 72 of
2149 3616 213 74 klodden
2389 3616 274 73 vernietigt
2687 3616 58 72 of
2763 3614 334 74 onbruikbaar
3129 3614 170 72 maakt
3305 3613 8 72 .

729 3705 76 68 De
825 3704 282 69 voorraden
1127 3703 82 69 tot
1229 3703 158 68 welke
1409 3702 60 68 de
1489 3701 324 69 overtreding
1833 3699 306 69 betrekking
2159 3698 137 69 heeft
2295 3698 16 68 ,
2341 3697 198 69 moeten
2571 3696 232 69 verbeurd
2812 3695 251 70 verklaard
3093 3694 199 69 worden
3301 3694 13 68 .

729 3785 110 66 Zijn
865 3783 228 68 bevoegd
1119 3783 60 66 de
1201 3781 246 67 Duitsche
1473 3779 242 68 militaire
1741 3777 346 68 rechtbanken
2113 3776 62 67 en
2197 3775 246 67 militaire
2473 3773 236 67 besturen
2717 3773 12 66 .

735 3868 240 74 ARTIKEL
992 3868 46 74 6.
1060 3868 134 74 Deze
1222 3868 334 74 verordening
1576 3868 162 74 wordt
1756 3868 94 74 den
1874 3868 96 74 dag
1988 3868 148 74 harer
2158 3868 340 74 afkondiging
2518 3868 94 74 van
2644 3868 176 74 kracht
2824 3868 10 74 .

863 3951 58 58 A.
947 3951 68 58 H.
1037 3951 60 58 Q.
1105 3951 10 58 ,
1139 3950 94 58 den
1263 3950 62 58 23
1353 3949 276 59 December
1659 3948 126 58 1916

3949 3945 100 72 Der
4080 3945 444 72 Oberbefehlshaber
4529 3945 17 72 ,
4620 3945 199 72 Herzog
4857 3945 287 72 ALBRECHT
5179 3945 110 72 VON
5325 3945 387 72 WÜRTEMBERG
5715 3945 11 72 .

1072 2866 3 12 -

632 4136 1036 164 VEKORDENING
1768 4136 684 164 betreffende
2556 4136 136 164 de
2792 4136 964 164 stapelopneming
3856 4136 136 164 en
4096 4136 180 164 het
4376 4136 620 164 gebruiken
5096 4136 216 164 van

5410 4140 399 145 wissen
5816 4140 21 145 .

738 4325 41 77 1.
809 4325 62 77 –
897 4325 75 77 De
1005 4325 213 77 verkoop
1246 4325 64 77 en
1336 4325 61 77 de
1421 4325 295 77 bewerking
1741 4325 97 77 van
1864 4325 97 77 alle
1988 4325 153 77 droge
2148 4325 9 77 ,
2183 4325 183 77 groene
2394 4325 62 77 en
2476 4325 255 77 geschilde
2772 4325 175 77 wissen
2973 4325 92 77 van
3103 4325 110 77 elke
3237 4325 170 77 lengte
3444 4325 54 77 in
3522 4325 9 77 '
3536 4325 21 77 t
3574 4325 183 77 gebied
3793 4325 77 77 van
3904 4325 85 77 het
4006 4325 68 77 4de
4094 4325 138 77 leger
4250 4325 186 77 zonder
4460 4325 120 77 eene
4604 4325 318 77 vergunning
4941 4325 88 77 der
5054 4325 229 77 Etappen
5288 4325 16 77 -
5309 4325 305 77 Inspektion
5635 4325 34 77 4
5701 4325 23 77 (
5718 4325 160 77 Wirt

603 4406 439 67 schaftsausschuss
1049 4406 18 66 )
1093 4405 168 67 wordt
1281 4405 124 66 door
1431 4404 114 66 deze
1565 4403 250 67 verboden
1821 4403 8 66 .

732 4478 44 80 2.
800 4478 62 80 –
882 4478 116 80 Wie
1020 4478 274 80 voorraden
1314 4478 92 80 van
1428 4478 152 80 droge
1586 4478 12 80 ,
1618 4478 182 80 groene
1822 4478 54 80 of
1898 4478 252 80 geschilde
2176 4478 172 80 wissen
2380 4478 54 80 in
2452 4478 254 80 bewaring
2724 4478 153 80 heeft
2867 4478 15 80 ,
2902 4478 42 80 is
2968 4478 244 80 verplicht
3232 4478 60 80 de
3312 4478 320 80 voorhanden
3660 4478 264 80 voorraden
3970 4478 104 80 met
4100 4478 314 80 aanduiding
4436 4478 90 80 van
4554 4478 96 80 den
4672 4478 238 80 eigenaar
4928 4478 62 80 en
5016 4478 60 80 de
5094 4478 360 80 bewaarplaats
5478 4478 78 80 tot
5580 4478 60 80 10
5660 4478 214 80 Januari

602 4552 130 84 1917
752 4552 90 84 aan
862 4552 100 84 zijn
982 4552 470 84 gemeentebestuur
1460 4552 106 84 aan
1588 4552 60 84 te
1663 4552 144 84 geven
1825 4552 25 84 ;
1873 4552 83 84 dit
1985 4552 139 84 moet
2142 4552 64 84 de
2224 4552 264 84 aangiften
2515 4552 84 84 tot
2625 4552 45 84 15
2706 4552 216 84 Januari
2940 4552 126 84 1917
3095 4552 82 84 aan
3213 4552 125 84 zijne
3346 4552 450 84 Kommandantur
3820 4552 309 84 doorzenden
4142 4552 14 84 .
4192 4552 76 84 De
4298 4552 512 84 Kommandanturen
4832 4552 198 84 moeten
5050 4552 114 84 deze
5200 4552 264 84 aangiften
5488 4552 284 84 verzameld
5798 4552 80 84 tot

601 4633 64 75 20
688 4633 214 75 Januari
932 4633 126 75 1917
1077 4633 70 75 bij
1167 4633 64 75 de
1261 4633 216 75 Etappen
1490 4633 22 75 -
1522 4633 270 75 Inspection
1820 4633 22 75 4
1880 4633 22 75 (
1897 4633 600 75 Wirtschaftsausschuss
2495 4633 22 75 )
2542 4633 232 75 indienen
2780 4633 21 75 .

732 4704 90 82 Uit
842 4704 60 82 de
928 4704 254 82 aangiften
1210 4704 134 82 moet
1370 4704 52 82 er
1442 4704 198 82 blijken
1662 4704 12 82 :
1710 4704 30 82 a
1744 4704 16 82 )
1788 4704 222 82 Hoeveel
2034 4704 178 82 bossen
2246 4704 20 82 (
2270 4704 212 82 bundels
2486 4704 16 82 )
2544 4704 174 82 wissen
2748 4704 92 82 van
2864 4704 116 82 over
3008 4704 106 82 1,80
3136 4704 50 82 m
3194 4704 8 82 .
3228 4704 173 82 lengte
3396 4704 18 82 ,
3442 4704 62 82 na
3526 4704 60 82 de
3612 4704 170 82 lengte
3802 4704 289 82 gesorteerd
4091 4704 18 82 ,

728 4780 28 84 6
758 4780 18 84 )
814 4780 223 84 Hoeveel
1052 4780 174 84 bossen
1250 4780 20 84 (
1274 4780 210 84 bundels
1486 4780 18 84 )
1532 4780 104 84 niet
1664 4780 62 84 na
1744 4780 70 84 de
1850 4780 170 84 lengte
2044 4780 320 84 gesorteerde
2390 4780 180 84 wissen
2576 4780 10 84 ,
2612 4780 62 84 en
2702 4780 92 84 wel
2818 4780 298 84 gescheiden
3140 4780 54 84 in
3218 4780 184 84 groene
3426 4780 64 84 en
3510 4780 256 84 geschilde
3792 4780 180 84 wissen
3990 4780 94 84 van
4104 4780 92 84 een
4216 4780 270 84 vroegeren
4508 4780 148 84 oogst
4676 4780 326 84 voorhanden
5036 4780 104 84 zijn
5141 4780 17 84 .

736 4856 114 84 Wie
870 4856 180 84 wissen
1070 4856 94 84 van
1190 4856 92 84 der
1298 4856 240 84 nieuwen
1558 4856 144 84 oogst
1722 4856 134 84 bezit
1858 4856 14 84 ,
1896 4856 136 84 moet
2054 4856 60 84 de
2140 4856 276 84 voorraden
2440 4856 62 84 op
2524 4856 220 84 dezelfde
2766 4856 144 84 wijze
2934 4856 252 84 aangeven
3190 4856 12 84 ,
3228 4856 62 84 en
3314 4856 94 84 wel
3426 4856 302 84 gescheiden
3748 4856 60 84 de
3828 4856 142 84 reeds
3988 4856 248 84 gesneden
4256 4856 170 84 zijnde
4446 4856 62 84 na
4526 4856 180 84 bossen
4726 4856 18 84 (
4748 4856 210 84 bundels
4962 4856 16 84 )
4986 4856 8 84 ,
5016 4856 62 84 de
5100 4856 98 84 nog
5216 4856 108 84 niet
5344 4856 260 84 gesneden
5626 4856 166 84 zijnde
5816 4856 62 84 na

603 4952 60 71 de
688 4950 369 73 aangebouwde
1078 4948 323 73 oppervlakte
1421 4948 52 71 in
1502 4947 239 72 hectaren
1746 4947 10 71 .

736 5030 28 54 3
770 5030 12 54 .
900 5022 90 72 Als
1014 5022 60 72 de
1100 5023 126 72 prijs
1250 5024 162 73 wordt
1432 5025 220 73 bepaald
1680 5026 10 72 :

740 5104 134 74 Voor
888 5104 102 74 den
1012 5104 84 74 bos
1116 5104 64 74 na
1200 5104 58 74 de
1284 5104 168 74 lengte
1460 5104 334 74 gesorteerde
1818 5104 186 74 groene
2026 5104 178 74 wissen

3019 5103 38 52 fr
3066 5103 13 52 .
3126 5103 48 52 2.

728 5184 137 70 Voor
885 5184 99 70 den
1006 5184 87 70 bos
1113 5184 106 70 niet
1238 5184 62 70 na
1327 5184 59 70 de
1407 5184 170 70 lengte
1598 5184 322 70 gesorteerde
1946 5184 184 70 groene
2155 5184 179 70 wissen

3017 5184 45 52 fr
3063 5184 13 52 .
3129 5184 95 52 1.50

730 5264 136 74 Voor
891 5264 86 74 den
1000 5264 86 74 bos
1104 5264 256 74 geschilde
1378 5264 182 74 wissen
1576 5264 108 74 van

2780 5262 41 62 fr
2825 5262 13 62 .
2868 5262 114 62 3,60
3006 5262 78 62 tot
3108 5262 116 62 4,20

728 5336 136 76 Voor
890 5336 172 76 bossen
1084 5336 156 76 welke
1270 5336 67 76 bij
1362 5336 60 76 de
1432 5336 254 76 overgave
1708 5336 106 76 niet
1828 5336 110 76 den
1966 5336 426 76 voorgeschreven
2414 5336 216 76 omvang
2652 5336 92 76 van
2772 5336 28 76 1
2833 5336 22 76 m
2910 5336 194 76 hebben
3110 5336 10 76 ,
3142 5336 204 76 worden
3372 5336 126 76 voor
3516 5336 86 76 elk
3620 5336 298 76 centimeter
3944 5336 48 76 te
4018 5336 118 76 kort
4162 5336 64 76 20
4248 5336 284 76 centiemen
4574 5336 332 76 afgetrokken
4914 5336 10 76 .

728 5424 30 52 4
760 5424 12 52 .
901 5416 91 80 Het
1012 5416 166 80 koken
1198 5416 58 80 en
1283 5416 208 80 schillen
1516 5416 92 80 van
1628 5416 158 80 droge
1804 5416 66 80 en
1892 5416 184 80 groene
2100 5416 178 80 wissen
2302 5416 42 80 is
2364 5416 186 80 zonder
2568 5416 120 80 eene
2708 5416 316 80 vergunning
3048 5416 90 80 der
3160 5416 226 80 Etappen
3392 5416 16 80 -
3412 5416 302 80 Inspektion
3742 5416 32 80 4
3794 5416 24 80 (
3823 5416 583 80 Wirtschaftsausschuss
4405 5416 19 80 )
4452 5416 84 80 ver
4548 5416 164 80 boden
4718 5416 10 80 .

728 5502 26 54 5
760 5502 10 54 .
864 5496 150 76 Door
1040 5496 114 76 deze
1182 5496 162 76 wordt
1364 5496 210 76 bevolen
1596 5496 60 76 de
1682 5496 180 76 wissen
1888 5496 94 76 van
2010 5496 76 76 dit
2106 5496 110 76 jaar
2242 5496 204 76 bijtijds
2468 5496 50 76 te
2538 5496 191 76 snijden
2739 5496 18 76 .
2790 5496 68 76 De
2878 5496 232 76 bezitters
3130 5496 94 76 van
3252 5496 368 76 wissenteelten
3638 5496 106 76 zijn
3764 5496 178 76 ervoor
3960 5496 478 76 verantwoordelijk
4458 5496 88 76 dat
4562 5496 170 76 hunne
4754 5496 176 76 wissen
4948 5496 283 76 behoorlijk
5255 5496 241 76 verzorgd
5512 5496 62 76 en
5594 5496 282 76 behandeld

594 5584 196 52 worden
800 5584 10 52 .

732 5654 200 80 Ingeval
958 5654 88 80 het
1068 5654 318 80 onmogelijk
1414 5654 94 80 zou
1526 5654 104 80 zijn
1656 5654 50 80 ze
1732 5654 272 80 aanstonds
2030 5654 52 80 te
2108 5654 198 80 snijden
2308 5654 18 80 ,
2352 5654 198 80 wegens
2576 5654 94 80 den
2690 5654 196 80 hoogen
2900 5654 297 80 waterstand
3229 5654 156 80 thans
3390 5654 134 80 moet
3542 5654 78 80 dit
3640 5654 362 80 onmiddellijk
4026 5654 56 80 na
4108 5654 84 80 het
4212 5654 152 80 dalen
4386 5654 94 80 van
4508 5654 10 80 '
4520 5654 22 80 t
4564 5654 156 80 water
4746 5654 298 80 geschieden
5052 5654 10 80 .

732 5742 29 49 6
764 5742 12 49 .
886 5732 108 72 Met
1018 5732 86 72 ten
1126 5732 208 72 hoogste
1362 5732 176 72 10,000
1566 5732 138 72 mark
1737 5732 168 72 geldbo
1942 5732 48 72 te
2012 5732 62 72 en
2096 5732 102 72 met
2224 5732 304 72 gevangenis
2552 5732 78 72 tot
2652 5732 28 72 2
2696 5732 146 72 jaren
2862 5732 50 72 of
2926 5732 102 72 met
3054 5732 118 72 eene
3192 5732 142 72 dezer
3358 5732 206 72 straffen
3683 5734 297 78 voorzoover
4004 5734 54 78 er
4082 5734 204 78 volgens
4312 5734 60 78 de
4400 5734 265 78 bestaande
4701 5734 186 78 wetten
4920 5734 61 78 en
5020 5734 396 78 verordeningen
5445 5734 153 78 geene
5624 5734 252 78 strengere

594 5814 202 73 straffen
819 5815 327 74 toepasselijk
1167 5818 104 72 zijn
1292 5819 32 72 –
1377 5814 167 66 wordt
1563 5816 209 68 gestraft
1791 5820 13 64 :

729 5895 42 72 1.
779 5895 18 72 )
819 5895 116 72 Wie
955 5894 60 72 de
1033 5892 402 74 bestemmingen
1457 5891 156 73 onder
1641 5891 16 72 1
1667 5891 12 72 ,
1701 5891 28 72 3
1737 5890 10 72 ,
1767 5890 32 72 4
1823 5890 62 72 en
1907 5890 26 72 5
1955 5888 296 73 overtreedt
2245 5888 13 72 .

724 5970 46 76 2.
774 5970 18 76 )
816 5970 114 76 Wie
956 5970 132 76 zijne
1108 5970 276 76 voorraden
1406 5970 108 76 niet
1558 5970 113 76 niet
1685 5970 119 76 juist
1830 5970 54 76 of
1898 5970 108 76 niet
2032 5970 126 76 stipt
2178 5970 64 76 op
2262 5970 102 76 tijd
2384 5970 231 76 aangeeft
2611 5970 18 76 .

728 6048 292 82 Bovendien
1042 6048 202 82 worden
1264 6048 60 82 de
1344 6048 322 82 voorwerpen
1692 6048 62 82 op
1778 6048 160 82 welke
1964 6048 60 82 de
2050 6048 326 82 overtreding
2400 6048 310 82 betrekking
2734 6048 138 82 heeft
2886 6048 518 82 verbeurdverklaard

726 6128 46 68 7.
798 6128 66 68 —
884 6128 118 68 Zijn
1028 6128 224 68 bevoegd
1276 6128 60 68 de
1362 6128 244 68 Duitsche
1628 6128 244 68 militaire
1896 6128 340 68 rechtbanken
2260 6128 62 68 en
2344 6128 246 68 militaire
2610 6128 238 68 besturen
2856 6128 6 68 .

929 6209 60 60 A.
1017 6209 68 60 H.
1111 6209 58 60 Q.
1177 6208 12 60 ,
1217 6208 96 60 den
1337 6208 60 60 28
1427 6206 267 61 December
1725 6206 124 60 1916
1855 6206 10 60 .

3729 6209 104 68 Der
3875 6207 449 70 Oberbefehlshaber
4326 6207 17 68 ,
4379 6206 202 69 Herzog
4625 6205 284 69 ALBRECHT
4953 6205 106 68 VON
5103 6203 416 69 WÜRTTEMBERG
5525 6203 10 68 .

2574 6410 1308 134 VERORDENING
3890 6410 28 134 .

730 6572 58 74 In
812 6572 310 74 aansluiting
1142 6572 94 74 aan
1258 6572 156 74 mijne
1436 6572 336 74 verordening
1796 6572 90 74 van
1908 6572 62 74 25
1992 6572 128 74 Juni
2146 6572 126 74 1916
2300 6572 18 74 (
2320 6572 500 74 Verordeningsblad
2846 6572 108 74 voor
2980 6572 86 74 het
3088 6572 410 74 Etappengebied
3518 6572 94 74 van
3636 6572 86 74 het
3742 6572 66 74 4de
3828 6572 138 74 leger
3970 6572 12 74 ,
4002 6572 78 74 blz
4090 6572 4 74 .
4118 6572 96 74 298
4220 6572 16 74 )
4242 6572 10 74 ,
4274 6572 170 74 beveel
4464 6572 56 74 ik
4540 6572 90 74 als
4652 6572 140 74 volgt
4812 6572 12 74 :

732 6650 102 76 Het
862 6650 234 76 mandaat
1116 6650 92 76 van
1235 6650 86 76 den
1352 6650 190 76 griffier
1564 6650 62 76 de
1650 6650 260 76 provincie
1936 6650 146 76 West
2086 6650 16 76 -
2110 6650 314 76 Vlaanderen
2430 6650 12 76 ,
2462 6650 42 76 A
2546 6650 381 76 Verougstraete
2920 6650 22 76 ,
2964 6650 164 76 wordt
3152 6650 76 76 tot
3266 6650 64 76 30
3354 6650 126 76 Juni
3506 6650 388 76 voortverlengd
3898 6650 12 76 .

934 6732 62 62 A.
1016 6732 68 62 H.
1106 6732 58 62 Q.
1170 6732 12 62 ,
1204 6732 98 62 den
1332 6732 18 62 1
1376 6732 212 62 Januari
1614 6732 126 62 1917
1746 6732 10 62 .

3773 6733 104 72 Der
3907 6730 454 75 Oberbefehlshaber
4358 6731 17 72 ,
4415 6730 204 72 Herzog
4645 6728 284 73 ALBRECHT
4953 6727 106 73 VON
5097 6725 409 74 WÜRTTEMBERG
5517 6725 14 72 .

1380 6928 680 116 WIJZIGING
2108 6928 252 116 DER
2412 6928 920 116 VERORDENING
3404 6928 220 116 van
3736 6928 144 116 16
3984 6928 608 116 December
4704 6928 304 116 1916
5020 6928 20 116 .

1108 7056 876 120 Verordeningsblad
2064 7056 212 120 voor
2344 7056 156 120 het
2568 7056 716 120 Etappengebied
3352 7056 172 120 van
3600 7056 156 120 het
3812 7056 64 120 4
3936 7056 248 120 leger
4276 7056 36 120 N
4428 7056 124 120 59
4564 7056 12 120 ,
4648 7056 140 120 blz
4796 7056 16 120 .
4880 7056 440 120 498-499
5324 7056 20 120 )
5352 7056 16 120 .

736 7186 60 82 In
820 7186 146 82 cijfer
986 7186 30 82 2
1040 7186 160 82 wordt
1220 7186 52 82 er
1292 7186 70 82 als
1382 7186 210 82 termijn
1610 7186 120 82 voor
1756 7186 58 82 de
1842 7186 222 82 aangifte
2094 7186 52 82 in
2166 7186 164 82 plaats
2350 7186 94 82 van
2472 7186 54 82 31
2560 7186 276 82 December
2868 7186 114 82 1916
3004 7186 60 82 de
3090 7186 58 82 15
3168 7186 212 82 Januari
3410 7186 122 82 1917
3538 7186 10 82 ,
3570 7186 54 82 in
3644 7186 160 82 plaats
3824 7186 92 82 van
3944 7186 58 82 10
4026 7186 212 82 Januari
4270 7186 120 82 1917
4410 7186 62 82 de
4494 7186 56 82 31
4578 7186 218 82 Januari
4828 7186 122 82 1917
4976 7186 222 82 bestemd
5202 7186 12 82 .

738 7270 104 74 Het
878 7270 200 74 tijdstip
1098 7270 124 74 voor
1246 7270 60 74 de
1328 7270 272 74 aflevering
1624 7270 20 74 (
1649 7270 143 74 cijfer
1812 7270 46 74 2.
1878 7270 76 74 lid
1976 7270 34 74 4
2028 7270 62 74 en
2110 7270 146 74 cijfer
2276 7270 32 74 4
2310 7270 12 74 ,
2354 7270 20 74 1
2382 7270 18 74 )
2420 7270 166 74 wordt
2604 7270 270 74 insgelijks
2894 7270 66 74 tot
2986 7270 60 74 31
3068 7270 214 74 Januari
3308 7270 126 74 1917
3460 7270 231 74 verlengd
3693 7270 17 74 .

879 7350 60 62 A.
978 7350 66 62 H.
1082 7350 61 62 Q.
1181 7350 97 62 den
1315 7350 30 62 5
1384 7350 33 62 4
1452 7350 212 62 Januari
1714 7350 116 62 1917
1842 7350 13 62 .

3945 7355 102 64 Der
4089 7352 448 66 Oberbefehlshaber
4539 7351 16 64 ,
4603 7350 194 65 Herzog
4837 7348 282 65 ALBRECHT
5157 7347 106 64 VON
5299 7344 424 66 WÜRTTEMBERG
5731 7344 8 64 .

1308 7564 776 124 BIJVOEGSEL
2180 7564 154 124 tot
2434 7564 136 124 de
2646 7564 920 124 VERORDENING
3652 7564 218 124 van
3962 7564 66 124 2
4126 7564 606 124 December
4839 7560 316 123 1916

1054 7694 210 120 over
1346 7694 154 120 het
1574 7694 504 120 gebruiken
2150 7694 114 120 en
2340 7694 530 120 verwerken
2922 7694 160 120 der
3148 7694 242 120 melk
3452 7694 98 120 in
3614 7694 14 120 '
3630 7694 40 120 t
3736 7694 728 120 Etappengebied
4534 7694 178 120 van
4788 7694 152 120 het
5004 7694 62 120 4
5070 7694 20 120 °
5144 7694 248 120 leger
5398 7694 14 120 .

872 7830 412 85 Overtredingen
1302 7830 201 85 worden
1532 7830 103 85 met
1660 7830 263 85 geldboete
1942 7830 79 85 tot
2043 7830 131 85 5000
2201 7830 142 85 mark
2372 7830 63 85 en
2460 7830 104 85 met
2587 7830 302 85 gevangenis
2903 7830 78 85 tot
3006 7830 125 85 twee
3144 7830 147 85 jaren
3310 7830 56 85 of
3397 7830 101 85 met
3518 7830 119 85 eene
3658 7830 145 85 dezer
3828 7830 202 85 straffen
4055 7830 221 85 gestraft
4265 7830 17 85 ,
4308 7830 300 85 voorzoover
4637 7830 52 85 er
4728 7830 203 85 volgens
4951 7830 61 85 de
5047 7830 270 85 bestaande
5345 7830 188 85 wetten
5553 7830 64 85 en
5667 7830 219 85 verorde

609 7902 189 73 ningen
817 7903 107 73 niet
947 7904 117 73 eene
1091 7906 255 73 strengere
1367 7908 129 73 straf
1511 7909 329 75 toepasselijk
1861 7912 43 72 is
1909 7912 9 72 .

940 7986 58 60 E.
1018 7986 66 60 H.
1108 7986 56 61 O.
1174 7987 10 60 ,
1206 7987 96 60 den
1322 7988 64 60 30
1414 7988 276 61 December
1714 7990 130 60 1916
1848 7990 10 60 .

3703 7997 106 72 Der
3849 7994 486 75 Etappeninspekteur
4337 7994 18 72 ,
4395 7993 108 73 von
4547 7992 244 73 UNGER
4795 7992 12 72 ,
4861 7990 210 73 General
5109 7990 86 72 der
5237 7988 273 73 Kavallerie
5519 7988 13 72 .

734 7829 15 49 6
769 7830 14 49 .

928 8184 564 156 VERORDENING
1580 8184 448 156 betreffende
2076 8184 400 156 wijziging
2564 8184 120 156 der
2772 8184 456 156 verordening
3316 8184 132 156 van
3536 8184 88 156 25
3708 8184 292 156 Oetober
4088 8184 140 156 1915
4316 8184 84 156 en
4488 8184 136 156 van
4712 8184 40 156 6
4840 8184 416 156 September
5348 8184 168 156 1916

4709 8193 43 136 6

1393 8314 211 109 over
1659 8315 157 109 het
1868 8316 477 112 toezichts-
2371 8320 115 108 en
2522 8321 1007 115 aanmeldigingswezen
3531 8327 32 108 .
3603 8328 35 108 (
3644 8328 462 112 Verordeningsblad
4121 8331 35 108 N
4174 8332 16 108 °
4221 8332 57 108 11
4283 8332 13 108 ,
4329 8333 80 108 blz
4403 8333 33 108 .
4437 8333 65 109 97
4527 8334 57 108 en
4613 8335 39 108 N
4674 8335 14 108 °
4709 8335 67 108 49
4777 8336 15 108 ,
4815 8336 78 108 blz
4887 8336 14 108 .
4925 8337 97 108 403
5027 8337 19 108 )
5049 8337 13 108 .

741 8443 157 71 Cijfer
915 8446 59 68 II
993 8446 77 69 zal
1087 8447 175 70 luiden
1283 8450 73 68 als
1379 8451 141 69 volgt
1539 8452 13 68 :

743 8518 79 59 De
841 8519 371 63 Meldeambten
1237 8524 195 60 hebben
1453 8527 87 59 het
1563 8528 221 61 toezicht
1807 8532 119 59 over
1947 8534 11 58 :

749 8600 43 79 1.
795 8600 23 79 )
839 8600 115 79 Alle
974 8600 308 79 mannelijke
1308 8600 188 79 Belgen
1514 8600 96 79 van
1629 8600 52 79 af
1694 8600 87 79 het
1802 8600 316 79 voleindigde
2143 8600 59 79 17
2205 8600 15 79 °
2237 8600 81 79 tot
2338 8600 87 79 het
2454 8600 322 79 voleindigde
2796 8600 64 79 45
2865 8600 14 79 °
2899 8600 267 79 levensjaar
3170 8600 18 79 .

744 8676 48 70 2.
794 8676 20 70 )
838 8676 80 70 tot
942 8676 44 70 7.
990 8676 18 70 )
1042 8676 332 70 onveranderd
1386 8676 16 70 .

949 8754 59 56 E.
1031 8754 67 57 H.
1133 8755 59 57 O.
1199 8756 9 56 ,
1275 8757 99 56 den
1413 8758 25 56 1
1481 8759 213 57 Januari
1741 8761 127 57 1917
1873 8762 13 56 .

1138 8760 65 60 0.
1413 8761 26 52 1

2234 8840 183 70 Drukk
2426 8840 16 70 .
2485 8840 52 70 St
2535 8840 21 70 -
2567 8840 236 70 Antonius
2808 8840 21 70 ,
2863 8840 80 70 Jos
2941 8840 21 70 .
2990 8840 268 70 Dooreman
3270 8840 21 70 -
3301 8840 265 70 Volckaert
3562 8840 12 70 .

3759 8761 109 72 Der
3883 8757 497 76 Etappeninspekteur
4377 8757 19 72 ,
4451 8756 109 73 VON
4599 8754 234 73 UNGER
4840 8754 18 72 ,
4905 8752 209 74 General
5145 8751 87 73 der
5271 8748 270 75 Kavallerie
5539 8749 15 72 .
