9362 6684
7968 899 284 149 571

3376 800 2464 544 BERICHT

4455 1854 27 75 2

1288 1672 288 272 Van
1720 1672 368 272 wege
2240 1672 160 272 de
2593 1672 565 272 Etappen
3159 1672 81 272 -
3240 1672 1219 272 Kommandantuur
4467 1672 81 272 ,
4632 1672 528 272 werden
5320 1672 640 272 volgende
6112 1672 1072 272 mededeelingen
7336 1672 520 272 gedaan
7928 1672 24 272 :

1738 1753 45 140 W

1276 2068 160 208 1.
1572 2068 352 208 Het
2076 2068 140 208 is
2348 2068 868 208 voortaan
3356 2068 912 208 verboden
4440 2068 772 208 Kiekens
5344 2068 192 208 te
5668 2068 1020 208 verkoopen
6720 2068 32 208 .

1280 2384 184 200 2.
1568 2384 828 200 Militaire
2536 2384 896 200 personen
3572 2384 568 200 welke
4284 2384 368 200 niet
4780 2384 832 200 voorzien
5732 2384 332 200 zijn
6188 2384 328 200 van
6656 2384 332 200 een
7136 2384 612 200 bewijs
7880 2384 328 200 der

1056 2640 1664 200 Kommandantuur
2840 2640 688 200 hebben
3648 2640 456 200 geen
4232 2640 536 200 recht
4896 2640 1064 200 aankoopen
6072 2640 200 200 te
6392 2640 456 200 doen
6992 2640 208 200 bij
7320 2640 224 200 de
7710 2640 466 200 land

1048 2896 832 204 bouwers
1904 2896 32 204 ,
2056 2896 488 204 zulks
2680 2896 480 204 geldt
3276 2896 444 204 voor
3836 2896 336 204 alle
4288 2896 328 204 vee
4636 2896 32 204 ,
4796 2896 760 204 kiekens
5704 2896 220 204 en
6088 2896 819 204 konijnen
6941 2896 51 204 ,
7112 2896 672 204 zoowel
7940 2896 268 204 als

1040 3156 436 200 voor
1584 3156 460 200 hooi
2024 3156 60 200 ,
2168 3156 520 200 stroo
2712 3156 28 200 ,
2868 3156 612 200 eieren
3604 3156 188 200 of
3912 3156 688 200 andere
4720 3156 1224 200 angeslagene
6056 3156 616 200 waren
6704 3156 32 200 .

1264 3456 192 224 3.
1576 3456 912 224 Wanneer
2632 3456 152 224 in
2944 3456 288 224 het
3360 3456 712 224 vervolg
4224 3456 376 224 zich
4752 3456 320 224 nog
5192 3456 1008 224 diefstallen
6328 3456 904 224 voordoen
7360 3456 320 224 van
7808 3456 336 224 vee
8168 3456 40 224 ,

1044 3720 668 200 zonder
1824 3720 316 200 dat
2280 3720 220 200 de
2620 3720 564 200 dader
3296 3720 184 200 of
3612 3720 304 200 het
4032 3720 952 200 gestolene
5128 3720 756 200 ontdekt
6012 3720 628 200 worde
6660 3720 36 200 ,
6820 3720 328 200 zoo
7296 3720 556 200 zullen
7996 3720 216 200 de

1056 3976 928 208 bestolene
2152 3976 888 208 personen
3208 3976 896 208 daarvoor
4264 3976 1696 208 verantwoordelijk
6128 3976 720 208 gesteld
7016 3976 736 208 worden
7784 3976 32 208 ,
7992 3976 216 208 en

6130 4024 98 144 g

1047 4216 345 209 zelf
1495 4218 777 213 straffen
2391 4223 209 209 en
2727 4225 649 212 boeten
3495 4230 873 213 oploopen
4406 4235 25 208 .

1248 4528 184 192 4.
1576 4528 240 192 De
1896 4528 1248 192 landbouwers
3224 4528 608 192 wordt
3952 4528 672 192 daarop
4752 4528 856 192 gewezen
5696 4528 312 192 dat
6088 4528 192 192 zij
6368 4528 992 192 trekossen
7496 4528 712 192 moeten

1048 4776 868 204 kweeken
2036 4776 320 204 ten
2476 4776 500 204 einde
3092 4776 208 204 er
3412 4776 368 204 hun
3896 4776 508 204 werk
4508 4776 560 204 mede
5244 4776 184 204 te
5540 4776 456 204 doen
6032 4776 28 204 .
6268 4776 648 204 Koeien
7052 4776 624 204 mogen
7852 4776 368 204 niet

1060 5044 500 196 meer
1676 5044 824 196 gebezigd
2620 5044 744 196 worden
3488 5044 432 196 voor
4036 5044 1092 196 akkerwerk
5152 5044 28 196 .

1304 5376 808 216 Meirelbeke
2240 5376 248 216 den
2624 5376 96 216 8
2854 5376 587 216 Januari
3544 5376 328 216 1917
3896 5376 24 216 .

4847 5453 346 250 De
5311 5437 2665 264 Gemeenteoverheid
7999 5437 41 248 .

3388 5796 308 112 Drukk
3704 5796 20 112 .
3780 5796 192 112 Sint
3976 5796 36 112 -
4020 5796 440 112 Antonius
4468 5796 16 112 ,
4544 5796 156 112 Jos
4712 5796 16 112 .
4784 5796 504 112 Dooreman
5308 5796 36 112 -
5356 5796 492 112 Volckaert
5856 5796 16 112 .
