5923 8715
752 464 5220 1072 VERORDENING

5250 878 5466 1075 563

510 1111 1208 1468 betreffende
1334 1117 1528 1470 het
1670 1118 2400 1476 verschaffen
2533 1124 2775 1477 van
2918 1127 3224 1480 Melk
3357 1129 3607 1484 aan
3750 1132 3887 1484 de
4022 1133 4728 1490 burgerlijke
4790 1138 5435 1494 bevolking

5342 1142 5440 1495 .

538 1564 832 1726 Van
876 1564 1024 1726 af
1054 1564 1212 1726 16
1258 1564 1826 1726 Januari
1874 1564 2206 1726 1917
2218 1564 2246 1726 ,
2290 1564 2720 1726 wordt
2744 1564 2922 1726 de
2997 1564 3610 1726 volgende
3644 1564 4556 1726 Verordening
4596 1564 4850 1726 van
4900 1564 5390 1726 kracht
5382 1564 5415 1726 .

2839 1782 2905 1927 $
2999 1780 3057 1925 1
3087 1781 3113 1925 .
3089 1793 3112 1920 .

690 2002 856 2116 Alle
926 2002 1203 2116 handel
1254 2002 1346 2116 en
1433 2002 1611 2116 vrije
1662 2002 1986 2116 verkoop
2016 2002 2196 2116 van
2254 2002 2468 2116 Melk
2534 2002 2812 2116 binnen
2884 2002 2978 2116 en
3036 2002 3298 2116 buiten
3356 2002 3446 2116 de
3498 2002 3932 2116 gemeenten
3984 2002 4048 2116 is
4118 2002 4482 2116 verboden
4488 2002 4510 2116 .

2832 2201 2910 2366 $
2982 2187 3076 2353 2
3079 2183 3113 2344 .

687 2431 839 2531 Het
911 2429 1287 2530 afroomen
1339 2428 1475 2529 van
1535 2427 1739 2528 melk
1795 2427 1891 2527 en
1943 2426 2067 2526 het
2131 2423 2655 2525 vervaardigen
2707 2422 2847 2523 van
2899 2421 3107 2522 boter
3159 2421 3251 2521 en
3303 2420 3479 2520 kaas
3483 2420 3499 2520 ,
3555 2418 3859 2519 behalve
3911 2417 4091 2518 door
4143 2417 4231 2517 de
4311 2415 4607 2516 daartoe
4667 2413 5039 2515 bestemde
5099 2411 5426 2513 plaatsen
5428 2411 5455 2511 ,

483 2559 549 2661 is
609 2558 973 2661 verboden
979 2558 997 2660 .
1053 2557 1167 2659 De
1233 2554 1883 2659 botermachienen
1935 2553 2227 2656 moeten
2301 2552 2481 2655 door
2541 2551 2629 2654 de
2691 2549 3149 2653 Gemeenten
3211 2549 3299 2651 en
3369 2548 3459 2650 de
3511 2545 4199 2650 Commandantuur
4259 2544 4635 2647 verzegeld
4689 2542 4981 2645 worden
4991 2542 5005 2644 .
5059 2541 5453 2644 Verboden

483 2693 801 2797 gebruik
851 2688 1093 2792 wordt
1151 2683 1467 2787 bestraft
1462 2682 1485 2782 .

3007 2792 3043 2909 3

2832 2778 2904 2943 $
2979 2765 3071 2931 3
3070 2762 3106 2924 .

2821 2784 2915 2948 S

684 2992 796 3110 De
850 2992 1318 3110 melkboeren
1313 2992 1344 3110 ,
1406 2992 1640 3110 welke
1694 2992 1812 3110 tot
1866 2992 1968 3110 nu
2020 2992 2138 3110 toe
2192 2992 2388 3110 melk
2446 2992 2584 3110 vrij
2650 2992 2786 3110 aan
2840 2992 3090 3110 hunne
3158 2992 3466 3110 klanten
3518 2992 3876 3110 verkocht
3928 2992 4216 3110 hebben
4222 2992 4238 3110 ,
4296 2992 4556 3110 mogen
4608 2992 4722 3110 dit
4752 2992 4936 3110 niet
4988 2992 5184 3110 meer
5236 2992 5426 3110 doen
5430 2992 5450 3110 ,

483 3145 684 3245 maar
737 3143 1028 3244 moeten
1081 3142 1170 3242 de
1223 3141 1424 3242 melk
1483 3140 1622 3240 van
1675 3139 1818 3239 den
1875 3138 1964 3238 16
1969 3138 1992 3238 "
2045 3136 2358 3237 Januari
2415 3135 2602 3235 1917
2653 3134 2734 3234 af
2779 3131 3236 3234 dagelijksch
3293 3131 3374 3231 in
3427 3127 4028 3230 onvervalschten
4085 3125 4428 3227 toestand
4483 3124 4616 3225 aan
4669 3123 4796 3224 het
4847 3121 5168 3223 centraal
5221 3120 5448 3221 depot

481 3279 614 3381 der
677 3276 1108 3380 gemeenten
1161 3274 1502 3378 afleveren
1517 3274 1538 3376 .
1614 3273 1730 3375 De
1769 3272 1972 3374 melk
2043 3270 2238 3373 moet
2245 3270 2260 3372 ,
2325 3269 2418 3371 na
2471 3268 2710 3371 aftrek
2769 3267 2906 3369 van
2971 3266 3060 3368 de
3113 3263 3658 3367 hoeveelheden
3717 3262 3836 3364 die
3887 3261 4026 3363 aan
4077 3260 4166 3362 de
4221 3257 4602 3361 gemeente
4607 3257 4638 3359 -
4639 3255 5002 3359 inwoners
5051 3253 5454 3357 toekomen

481 3411 508 3515 (
511 3411 620 3515 zie
679 3410 718 3514 ยง
777 3409 822 3513 5
827 3409 852 3513 )
859 3409 876 3513 ,
947 3407 1084 3512 aan
1145 3406 1236 3511 de
1293 3405 1456 3509 stad
1525 3403 1728 3508 Gent
1779 3399 2174 3506 afgegeven
2233 3397 2528 3503 worden
2535 3396 2554 3500 .

2962 3562 3054 3684 4
3067 3562 3087 3684 .

2801 3562 2875 3721 S

689 3785 851 3887 Van
911 3784 1001 3887 de
1071 3783 1271 3886 melk
1277 3783 1295 3885 ,
1365 3783 1483 3885 die
1553 3782 1691 3884 aan
1759 3781 1847 3883 de
1913 3779 2499 3883 centraaldepots
2571 3778 2707 3880 van
2771 3777 2859 3880 de
2921 3776 3357 3879 gemeenten
3427 3774 3625 3877 moet
3685 3773 4099 3876 afgeleverd
4157 3771 4449 3874 worden
4461 3771 4475 3873 ,
4543 3770 4841 3873 worden
4901 3769 4995 3872 30
5057 3768 5229 3871 liter
5237 3768 5253 3870 ,
5311 3768 5447 3870 per

477 3913 1001 4025 melkgevende
1051 3913 1193 4023 koe
1245 3912 1375 4022 per
1425 3911 1629 4022 week
1681 3909 2051 4021 berekend
2057 3909 2073 4019 ,
2127 3907 2611 4019 afgezonderd
2661 3907 2753 4017 en
2809 3906 2943 4016 aan
2997 3905 3085 4015 de
3139 3901 3925 4015 afroomingsplaatsen
3979 3900 4303 4012 gegeven
4309 3900 4321 4010 .
4379 3900 4475 4010 Al
4527 3899 4617 4009 de
4671 3895 5447 4009 afroomingsplaatsen

475 4052 767 4158 moeten
826 4051 915 4157 de
974 4050 1186 4156 room
1242 4049 1325 4154 in
1376 4048 1465 4154 de
1532 4046 1900 4153 bevoegde
1961 4043 2400 4150 melkerijen
2449 4042 2566 4148 tot
2617 4039 3217 4147 boterbereiding
3267 4038 3360 4143 en
3411 4037 3502 4143 de
3555 4034 4020 4142 afgeroomde
4073 4033 4273 4139 melk
4278 4033 4296 4138 ,
4350 4032 4444 4138 na
4494 4031 4731 4137 aftrek
4781 4030 4920 4135 van
4972 4029 5061 4134 de
5107 4027 5427 4133 hoeveel

474 4174 716 4292 heden
784 4174 902 4292 die
974 4174 1108 4292 aan
1170 4174 1258 4292 de
1328 4174 1706 4292 gemeente
1714 4174 1741 4292 -
1748 4174 2102 4292 inwoners
2154 4174 2554 4292 toekomen
2614 4174 2642 4292 (
2652 4174 2680 4292 8
2740 4174 2782 4292 5
2788 4174 2814 4292 )
2822 4174 2838 4292 ,
2894 4174 3028 4292 aan
3090 4174 3180 4292 de
3238 4174 3402 4292 stad
3472 4174 3773 4292 afgeven
3776 4174 3801 4292 .

2831 4358 2898 4511 $
2983 4354 3066 4508 5
3071 4355 3090 4507 .

2982 4376 3102 4501 .

671 4599 764 4705 In
833 4598 922 4705 de
973 4594 1852 4704 plattelandsgemeenten
1913 4592 2206 4699 moeten
2257 4591 2436 4697 voor
2493 4588 2856 4696 kinderen
2917 4586 3246 4694 beneden
3307 4586 3350 4692 3
3395 4585 3562 4691 jaar
3563 4585 3586 4691 ,
3653 4583 3834 4690 voor
3883 4582 4138 4689 zieken
4143 4582 4164 4688 ,
4225 4580 4402 4687 voor
4467 4578 4826 4686 personen
4895 4577 5094 4684 meer
5149 4576 5294 4682 dan
5345 4575 5442 4681 65

467 4731 632 4835 jaar
697 4730 846 4834 oud
905 4729 998 4833 en
1065 4728 1246 4833 voor
1328 4725 1668 4832 zwakken
1739 4725 1846 4829 1/2
1921 4724 2096 4828 liter
2165 4722 2358 4827 volle
2439 4721 2636 4826 melk
2713 4718 3174 4824 dagelijksch
3233 4717 3350 4822 ter
3417 4714 3910 4821 beschikking
3973 4713 4264 4818 gesteld
4353 4711 4635 4817 worden
4650 4711 4673 4815 .
4729 4710 4822 4815 In
4889 4710 4978 4814 de
5047 4706 5444 4813 stedelijke

475 4863 906 4975 gemeenten
977 4862 1042 4972 is
1091 4861 1222 4971 het
1281 4858 1580 4970 aandeel
1639 4855 2068 4968 gemiddeld
2127 4853 2302 4964 voor
2361 4852 2526 4963 elke
2589 4849 2902 4961 persoon
2967 4848 3074 4959 115
3135 4846 3312 4957 liter
3361 4845 3561 4956 melk
3570 4844 3596 4954 ,
3649 4842 3982 4954 waarvan
4051 4841 4160 4951 14
4227 4839 4388 4950 deel
4441 4838 4632 4949 volle
4693 4836 4892 4947 melk
4949 4835 5040 4945 en
5103 4834 5218 4944 3/4
5275 4832 5448 4943 deel

479 4988 911 5091 ontroomde
965 4987 1163 5090 melk
1169 4987 1183 5089 .
1231 4986 1427 5089 Voor
1477 4985 1679 5088 ieder
1731 4984 1893 5087 kalf
1945 4984 2061 5086 tot
2123 4983 2165 5085 2
2221 4982 2583 5085 maanden
2643 4981 2793 5083 oud
2831 4980 3135 5083 kunnen
3187 4979 3323 5081 aan
3377 4978 3515 5081 den
3571 4977 3911 5080 eigenaar
3947 4975 4313 5079 dagelijks
4351 4975 4395 5077 2
4455 4974 4631 5077 liter
4693 4972 5153 5076 afgeroomde
5217 4971 5415 5074 melk
5421 4971 5439 5073 ,

475 5127 654 5227 voor
701 5126 824 5226 elk
887 5123 1358 5226 melkvarken
1421 5122 1538 5223 tot
1605 5121 1694 5222 10
1753 5120 2012 5221 weken
2071 5119 2222 5219 oud
2279 5116 2644 5219 dagelijks
2703 5116 2740 5216 1
2803 5115 2980 5216 liter
3029 5112 3494 5214 afgeroomde
3547 5111 3746 5212 melk
3805 5109 4200 5211 afgegeven
4251 5106 4549 5209 worden
4562 5107 4579 5207 .

2823 5313 2897 5473 $
2971 5297 3069 5460 6
3067 5294 3105 5451 .

675 5539 792 5639 De
843 5536 1264 5638 verdeeling
1315 5535 1452 5635 van
1523 5534 1610 5634 de
1665 5532 1864 5633 melk
1925 5531 2056 5631 aan
2111 5530 2202 5630 de
2253 5527 2620 5629 inwoners
2671 5526 2752 5627 in
2799 5525 2890 5626 de
2953 5522 3406 5625 Gemeenten
3459 5521 3550 5622 en
3603 5520 3694 5621 de
3745 5519 3924 5620 Stad
3975 5517 4178 5618 Gent
4235 5516 4298 5617 is
4359 5515 4494 5616 aan
4545 5514 4676 5615 het
4735 5509 5444 5613 Gemeentebestuur

483 5669 631 5771 met
683 5667 1233 5771 medewerking
1301 5666 1437 5768 van
1497 5665 1585 5767 de
1647 5663 2111 5767 Provinciale
2173 5658 3175 5764 Bevoorradingscommissie
3245 5656 3797 5760 toevertrouwd
3801 5656 3819 5758 .

687 5803 782 5903 Al
839 5802 928 5903 de
989 5800 1284 5902 overige
1345 5799 1546 5900 melk
1603 5798 1632 5898 (
1635 5797 1824 5898 volle
1887 5796 2084 5896 melk
2152 5795 2227 5895 en
2293 5792 2730 5894 ontroomde
2791 5790 2990 5891 melk
2993 5790 3020 5890 )
3083 5789 3282 5890 moet
3343 5787 3482 5888 aan
3525 5786 3632 5887 de
3667 5785 3866 5886 Stad
3927 5784 4128 5885 Gent
4187 5781 4582 5883 afgegeven
4655 5779 4941 5880 worden
4947 5779 4972 5879 ,
5023 5777 5298 5878 terwijl
5351 5776 5444 5876 de

483 5933 948 6039 afgeroomde
1025 5931 1230 6036 melk
1287 5928 1654 6034 dagelijks
1717 5928 1758 6032 3
1825 5926 2012 6031 maal
2071 5925 2188 6030 uit
2239 5924 2328 6029 de
2391 5921 2834 6028 melkerijen
2893 5920 2984 6025 en
3047 5919 3136 6024 de
3213 5916 3650 6023 gemeenten
3727 5915 3908 6019 door
3969 5914 4058 6018 de
4133 5912 4312 6017 Stad
4373 5910 4582 6015 Gent
4583 5910 4610 6014 ,
4651 5909 4886 6014 welke
4953 5908 5042 6012 de
5109 5905 5446 6011 betaling

481 6066 718 6165 regelt
723 6066 740 6164 ,
795 6064 1178 6164 afgehaald
1211 6062 1452 6161 wordt
1503 6061 1596 6159 en
1645 6060 1734 6159 de
1789 6059 1980 6158 volle
2037 6057 2232 6156 melk
2239 6057 2256 6155 ,
2297 6055 2526 6155 welke
2579 6054 2716 6153 aan
2769 6054 2858 6152 de
2911 6052 3088 6151 Stad
3141 6050 3478 6150 toekomt
3483 6050 3498 6148 ,
3537 6047 3904 6147 dagelijks
3943 6046 4124 6145 door
4159 6045 4246 6144 de
4303 6043 4704 6143 Gemeente
4757 6041 4892 6140 aan
4945 6041 5036 6139 de
5091 6038 5444 6138 bepaalde

484 6184 796 6288 winkels
848 6184 924 6288 in
980 6184 1068 6288 de
1124 6184 1284 6288 stad
1336 6184 1540 6288 Gent
1596 6184 2004 6288 afgeleverd
2056 6184 2296 6288 wordt
2300 6184 2320 6288 .

2843 6350 2903 6499 $
2995 6345 3079 6495 7
3091 6344 3119 6493 .

695 6571 792 6675 Al
819 6570 908 6675 de
947 6567 1440 6674 melkkannen
1447 6567 1464 6671 ,
1503 6566 1620 6671 die
1663 6565 1812 6670 met
1839 6564 2040 6669 melk
2075 6563 2192 6667 uit
2227 6562 2316 6666 de
2355 6559 2788 6666 gemeenten
2819 6558 2992 6663 naar
3019 6557 3108 6662 de
3143 6556 3324 6661 Stad
3367 6555 3564 6660 Gent
3591 6553 3940 6658 vervoerd
3971 6550 4248 6657 worden
4267 6550 4292 6654 ,
4323 6549 4612 6654 moeten
4643 6547 4824 6652 door
4859 6546 4972 6651 die
5011 6544 5444 6650 gemeenten

489 6709 628 6811 van
687 6706 968 6810 loodjes
1031 6704 1366 6808 voorzien
1443 6701 1732 6805 worden
1741 6701 1754 6803 .
1811 6700 1924 6802 De
1981 6697 2258 6801 loodjes
2313 6695 2606 6799 moeten
2657 6693 2850 6796 eerst
2899 6692 2980 6795 in
3031 6691 3118 6794 de
3171 6689 3482 6793 winkels
3537 6685 3974 6790 verwijderd
4027 6683 4326 6787 worden
4333 6683 4350 6785 .
4403 6682 4502 6784 Al
4561 6681 4652 6783 de
4705 6678 4996 6782 kannen
5049 6677 5200 6780 met
5259 6675 5447 6779 afge

487 6830 787 6919 roomde
859 6829 1055 6917 melk
1119 6827 1407 6916 moeten
1475 6824 1979 6914 daarenboven
2047 6823 2183 6911 van
2243 6822 2375 6910 een
2447 6820 2687 6909 blauw
2743 6819 2955 6908 kruis
3019 6817 3359 6906 voorzien
3407 6815 3715 6904 worden
3719 6815 3735 6903 .

2819 7021 2890 7174 $
2967 7009 3058 7163 8
3059 7005 3091 7155 .

2812 7020 2902 7174 S

2985 7025 3021 7143 8

674 7242 1270 7354 Overtredingen
1319 7240 1528 7349 dezer
1577 7237 2068 7348 verordening
2115 7235 2408 7344 worฤen
2467 7233 2618 7342 met
2679 7232 2852 7341 eene
2893 7230 3116 7339 boete
3169 7229 3286 7338 tot
3341 7228 3532 7337 5000
3585 7226 3802 7335 Mark
3855 7225 3946 7333 en
3999 7221 4642 7333 gevangenzitting
4693 7220 4806 7328 tot
4859 7219 4902 7327 2
4951 7218 5112 7327 jaar
5161 7217 5246 7325 of
5291 7216 5418 7324 me

489 7379 622 7483 een
691 7377 904 7482 dezer
973 7374 1272 7480 straffen
1331 7372 1642 7478 bestraft
1647 7372 1664 7476 ,
1737 7370 1992 7475 indien
2055 7367 2354 7473 volgens
2405 7366 2504 7471 de
2563 7363 2956 7470 bestaande
3025 7361 3296 7467 wetten
3371 7360 3464 7464 en
3535 7355 4116 7464 verordeningen
4177 7354 4334 7459 niet
4401 7353 4532 7458 een
4593 7350 4908 7456 hoogere
4969 7349 5158 7454 straf
5199 7347 5402 7452 toege

487 7510 652 7623 past
711 7509 772 7621 is
780 7509 793 7621 .
855 7507 968 7620 De
1019 7500 1636 7619 levensmiddelen
1707 7499 1792 7612 en
1867 7493 2337 7611 voorwerpen
2347 7493 2368 7605 ,
2439 7490 2728 7605 waarop
2787 7489 2876 7601 de
2939 7484 3416 7600 overtreding
3471 7479 3916 7595 betrekking
3967 7476 4169 7590 heeft
4167 7476 4192 7588 ,
4259 7473 4560 7587 kunnen
4635 7468 4996 7583 verbeurd
5055 7464 5408 7579 verklaai

488 7638 782 7720 worden
794 7638 808 7720 .

903 7763 1094 7847 Gent
1082 7763 1103 7847 ,
1171 7762 1303 7846 den
1371 7761 1459 7846 10
1515 7760 1835 7845 Januari
1899 7759 2087 7843 1917
2095 7759 2111 7843 .
2099 7763 2121 7879 .

1279 7920 1533 8107 Der
1666 7912 2154 8103 Etappen
2175 7912 2232 8097 -
2247 7902 3117 8096 Kommandant
3113 7901 3170 8086 ,
3212 7897 3474 8085 VON
3559 7891 4045 8081 WICK
4051 7891 4077 8075 ,
4163 7877 5237 8073 Oberstleutnant
5243 7877 5265 8061 .

1723 8201 1988 8295 Drukk
1996 8201 2013 8293 .
2067 8198 2239 8292 Sint
2248 8198 2271 8290 -
2280 8194 2643 8290 Antonius
2638 8194 2661 8286 ,
2711 8192 2880 8285 JOS
2888 8191 2909 8283 .
2959 8185 3509 8283 DOOREMAN
3544 8185 3567 8277 -
3572 8178 4178 8276 VOLCKAERT
4169 8178 4192 8270 .
