5923 8715
752 464 4468 608 VERORDENING

5250 878 216 197 563

510 1111 698 357 betreffende
1334 1117 194 353 het
1670 1118 730 358 verschaffen
2533 1124 242 353 van
2918 1127 306 353 Melk
3357 1129 250 355 aan
3750 1132 137 352 de
4022 1133 706 357 burgerlijke
4790 1138 645 356 bevolking

5342 1142 98 353 .

538 1564 294 162 Van
876 1564 148 162 af
1054 1564 158 162 16
1258 1564 568 162 Januari
1874 1564 332 162 1917
2218 1564 28 162 ,
2290 1564 430 162 wordt
2744 1564 178 162 de
2997 1564 613 162 volgende
3644 1564 912 162 Verordening
4596 1564 254 162 van
4900 1564 490 162 kracht
5382 1564 33 162 .

2839 1782 66 145 $
2999 1780 58 145 1
3087 1781 26 144 .
3089 1793 23 127 .

690 2002 166 114 Alle
926 2002 277 114 handel
1254 2002 92 114 en
1433 2002 178 114 vrije
1662 2002 324 114 verkoop
2016 2002 180 114 van
2254 2002 214 114 Melk
2534 2002 278 114 binnen
2884 2002 94 114 en
3036 2002 262 114 buiten
3356 2002 90 114 de
3498 2002 434 114 gemeenten
3984 2002 64 114 is
4118 2002 364 114 verboden
4488 2002 22 114 .

2832 2201 78 165 $
2982 2187 94 166 2
3079 2183 34 161 .

687 2431 152 100 Het
911 2429 376 101 afroomen
1339 2428 136 101 van
1535 2427 204 101 melk
1795 2427 96 100 en
1943 2426 124 100 het
2131 2423 524 102 vervaardigen
2707 2422 140 101 van
2899 2421 208 101 boter
3159 2421 92 100 en
3303 2420 176 100 kaas
3483 2420 16 100 ,
3555 2418 304 101 behalve
3911 2417 180 101 door
4143 2417 88 100 de
4311 2415 296 101 daartoe
4667 2413 372 102 bestemde
5099 2411 327 102 plaatsen
5428 2411 27 100 ,

483 2559 66 102 is
609 2558 364 103 verboden
979 2558 18 102 .
1053 2557 114 102 De
1233 2554 650 105 botermachienen
1935 2553 292 103 moeten
2301 2552 180 103 door
2541 2551 88 103 de
2691 2549 458 104 Gemeenten
3211 2549 88 102 en
3369 2548 90 102 de
3511 2545 688 105 Commandantuur
4259 2544 376 103 verzegeld
4689 2542 292 103 worden
4991 2542 14 102 .
5059 2541 394 103 Verboden

483 2693 318 104 gebruik
851 2688 242 104 wordt
1151 2683 316 104 bestraft
1462 2682 23 100 .

3007 2792 36 117 3

2832 2778 72 165 $
2979 2765 92 166 3
3070 2762 36 162 .

2821 2784 94 164 S

684 2992 112 118 De
850 2992 468 118 melkboeren
1313 2992 31 118 ,
1406 2992 234 118 welke
1694 2992 118 118 tot
1866 2992 102 118 nu
2020 2992 118 118 toe
2192 2992 196 118 melk
2446 2992 138 118 vrij
2650 2992 136 118 aan
2840 2992 250 118 hunne
3158 2992 308 118 klanten
3518 2992 358 118 verkocht
3928 2992 288 118 hebben
4222 2992 16 118 ,
4296 2992 260 118 mogen
4608 2992 114 118 dit
4752 2992 184 118 niet
4988 2992 196 118 meer
5236 2992 190 118 doen
5430 2992 20 118 ,

483 3145 201 100 maar
737 3143 291 101 moeten
1081 3142 89 100 de
1223 3141 201 101 melk
1483 3140 139 100 van
1675 3139 143 100 den
1875 3138 89 100 16
1969 3138 23 100 "
2045 3136 313 101 Januari
2415 3135 187 100 1917
2653 3134 81 100 af
2779 3131 457 103 dagelijksch
3293 3131 81 100 in
3427 3127 601 103 onvervalschten
4085 3125 343 102 toestand
4483 3124 133 101 aan
4669 3123 127 101 het
4847 3121 321 102 centraal
5221 3120 227 101 depot

481 3279 133 102 der
677 3276 431 104 gemeenten
1161 3274 341 104 afleveren
1517 3274 21 102 .
1614 3273 116 102 De
1769 3272 203 102 melk
2043 3270 195 103 moet
2245 3270 15 102 ,
2325 3269 93 102 na
2471 3268 239 103 aftrek
2769 3267 137 102 van
2971 3266 89 102 de
3113 3263 545 104 hoeveelheden
3717 3262 119 102 die
3887 3261 139 102 aan
4077 3260 89 102 de
4221 3257 381 104 gemeente
4607 3257 31 102 -
4639 3255 363 104 inwoners
5051 3253 403 104 toekomen

481 3411 27 104 (
511 3411 109 104 zie
679 3410 39 104 §
777 3409 45 104 5
827 3409 25 104 )
859 3409 17 104 ,
947 3407 137 105 aan
1145 3406 91 105 de
1293 3405 163 104 stad
1525 3403 203 105 Gent
1779 3399 395 107 afgegeven
2233 3397 295 106 worden
2535 3396 19 104 .

2962 3562 92 122 4
3067 3562 20 122 .

2801 3562 74 159 S

689 3785 162 102 Van
911 3784 90 103 de
1071 3783 200 103 melk
1277 3783 18 102 ,
1365 3783 118 102 die
1553 3782 138 102 aan
1759 3781 88 102 de
1913 3779 586 104 centraaldepots
2571 3778 136 102 van
2771 3777 88 103 de
2921 3776 436 103 gemeenten
3427 3774 198 103 moet
3685 3773 414 103 afgeleverd
4157 3771 292 103 worden
4461 3771 14 102 ,
4543 3770 298 103 worden
4901 3769 94 103 30
5057 3768 172 103 liter
5237 3768 16 102 ,
5311 3768 136 102 per

477 3913 524 112 melkgevende
1051 3913 142 110 koe
1245 3912 130 110 per
1425 3911 204 111 week
1681 3909 370 112 berekend
2057 3909 16 110 ,
2127 3907 484 112 afgezonderd
2661 3907 92 110 en
2809 3906 134 110 aan
2997 3905 88 110 de
3139 3901 786 114 afroomingsplaatsen
3979 3900 324 112 gegeven
4309 3900 12 110 .
4379 3900 96 110 Al
4527 3899 90 110 de
4671 3895 776 114 afroomingsplaatsen

475 4052 292 106 moeten
826 4051 89 106 de
974 4050 212 106 room
1242 4049 83 105 in
1376 4048 89 106 de
1532 4046 368 107 bevoegde
1961 4043 439 107 melkerijen
2449 4042 117 106 tot
2617 4039 600 108 boterbereiding
3267 4038 93 105 en
3411 4037 91 106 de
3555 4034 465 108 afgeroomde
4073 4033 200 106 melk
4278 4033 18 105 ,
4350 4032 94 106 na
4494 4031 237 106 aftrek
4781 4030 139 105 van
4972 4029 89 105 de
5107 4027 320 106 hoeveel

474 4174 242 118 heden
784 4174 118 118 die
974 4174 134 118 aan
1170 4174 88 118 de
1328 4174 378 118 gemeente
1714 4174 27 118 -
1748 4174 354 118 inwoners
2154 4174 400 118 toekomen
2614 4174 28 118 (
2652 4174 28 118 8
2740 4174 42 118 5
2788 4174 26 118 )
2822 4174 16 118 ,
2894 4174 134 118 aan
3090 4174 90 118 de
3238 4174 164 118 stad
3472 4174 301 118 afgeven
3776 4174 25 118 .

2831 4358 67 153 $
2983 4354 83 154 5
3071 4355 19 152 .

2982 4376 120 125 .

671 4599 93 106 In
833 4598 89 107 de
973 4594 879 110 plattelandsgemeenten
1913 4592 293 107 moeten
2257 4591 179 106 voor
2493 4588 363 108 kinderen
2917 4586 329 108 beneden
3307 4586 43 106 3
3395 4585 167 106 jaar
3563 4585 23 106 ,
3653 4583 181 107 voor
3883 4582 255 107 zieken
4143 4582 21 106 ,
4225 4580 177 107 voor
4467 4578 359 108 personen
4895 4577 199 107 meer
5149 4576 145 106 dan
5345 4575 97 106 65

467 4731 165 104 jaar
697 4730 149 104 oud
905 4729 93 104 en
1065 4728 181 105 voor
1328 4725 340 107 zwakken
1739 4725 107 104 1/2
1921 4724 175 104 liter
2165 4722 193 105 volle
2439 4721 197 105 melk
2713 4718 461 106 dagelijksch
3233 4717 117 105 ter
3417 4714 493 107 beschikking
3973 4713 291 105 gesteld
4353 4711 282 106 worden
4650 4711 23 104 .
4729 4710 93 105 In
4889 4710 89 104 de
5047 4706 397 107 stedelijke

475 4863 431 112 gemeenten
977 4862 65 110 is
1091 4861 131 110 het
1281 4858 299 112 aandeel
1639 4855 429 113 gemiddeld
2127 4853 175 111 voor
2361 4852 165 111 elke
2589 4849 313 112 persoon
2967 4848 107 111 115
3135 4846 177 111 liter
3361 4845 200 111 melk
3570 4844 26 110 ,
3649 4842 333 112 waarvan
4051 4841 109 110 14
4227 4839 161 111 deel
4441 4838 191 111 volle
4693 4836 199 111 melk
4949 4835 91 110 en
5103 4834 115 110 3/4
5275 4832 173 111 deel

479 4988 432 103 ontroomde
965 4987 198 103 melk
1169 4987 14 102 .
1231 4986 196 103 Voor
1477 4985 202 103 ieder
1731 4984 162 103 kalf
1945 4984 116 102 tot
2123 4983 42 102 2
2221 4982 362 103 maanden
2643 4981 150 102 oud
2831 4980 304 103 kunnen
3187 4979 136 102 aan
3377 4978 138 103 den
3571 4977 340 103 eigenaar
3947 4975 366 104 dagelijks
4351 4975 44 102 2
4455 4974 176 103 liter
4693 4972 460 104 afgeroomde
5217 4971 198 103 melk
5421 4971 18 102 ,

475 5127 179 100 voor
701 5126 123 100 elk
887 5123 471 103 melkvarken
1421 5122 117 101 tot
1605 5121 89 101 10
1753 5120 259 101 weken
2071 5119 151 100 oud
2279 5116 365 103 dagelijks
2703 5116 37 100 1
2803 5115 177 101 liter
3029 5112 465 102 afgeroomde
3547 5111 199 101 melk
3805 5109 395 102 afgegeven
4251 5106 298 103 worden
4562 5107 17 100 .

2823 5313 74 160 $
2971 5297 98 163 6
3067 5294 38 157 .

675 5539 117 100 De
843 5536 421 102 verdeeling
1315 5535 137 100 van
1523 5534 87 100 de
1665 5532 199 101 melk
1925 5531 131 100 aan
2111 5530 91 100 de
2253 5527 367 102 inwoners
2671 5526 81 101 in
2799 5525 91 101 de
2953 5522 453 103 Gemeenten
3459 5521 91 101 en
3603 5520 91 101 de
3745 5519 179 101 Stad
3975 5517 203 101 Gent
4235 5516 63 101 is
4359 5515 135 101 aan
4545 5514 131 101 het
4735 5509 709 104 Gemeentebestuur

483 5669 148 102 met
683 5667 550 104 medewerking
1301 5666 136 102 van
1497 5665 88 102 de
1647 5663 464 104 Provinciale
2173 5658 1002 106 Bevoorradingscommissie
3245 5656 552 104 toevertrouwd
3801 5656 18 102 .

687 5803 95 100 Al
839 5802 89 101 de
989 5800 295 102 overige
1345 5799 201 101 melk
1603 5798 29 100 (
1635 5797 189 101 volle
1887 5796 197 100 melk
2152 5795 75 100 en
2293 5792 437 102 ontroomde
2791 5790 199 101 melk
2993 5790 27 100 )
3083 5789 199 101 moet
3343 5787 139 101 aan
3525 5786 107 101 de
3667 5785 199 101 Stad
3927 5784 201 101 Gent
4187 5781 395 102 afgegeven
4655 5779 286 101 worden
4947 5779 25 100 ,
5023 5777 275 101 terwijl
5351 5776 93 100 de

483 5933 465 106 afgeroomde
1025 5931 205 105 melk
1287 5928 367 106 dagelijks
1717 5928 41 104 3
1825 5926 187 105 maal
2071 5925 117 105 uit
2239 5924 89 105 de
2391 5921 443 107 melkerijen
2893 5920 91 105 en
3047 5919 89 105 de
3213 5916 437 107 gemeenten
3727 5915 181 104 door
3969 5914 89 104 de
4133 5912 179 105 Stad
4373 5910 209 105 Gent
4583 5910 27 104 ,
4651 5909 235 105 welke
4953 5908 89 104 de
5109 5905 337 106 betaling

481 6066 237 99 regelt
723 6066 17 98 ,
795 6064 383 100 afgehaald
1211 6062 241 99 wordt
1503 6061 93 98 en
1645 6060 89 99 de
1789 6059 191 99 volle
2037 6057 195 99 melk
2239 6057 17 98 ,
2297 6055 229 100 welke
2579 6054 137 99 aan
2769 6054 89 98 de
2911 6052 177 99 Stad
3141 6050 337 100 toekomt
3483 6050 15 98 ,
3537 6047 367 100 dagelijks
3943 6046 181 99 door
4159 6045 87 99 de
4303 6043 401 100 Gemeente
4757 6041 135 99 aan
4945 6041 91 98 de
5091 6038 353 100 bepaalde

484 6184 312 104 winkels
848 6184 76 104 in
980 6184 88 104 de
1124 6184 160 104 stad
1336 6184 204 104 Gent
1596 6184 408 104 afgeleverd
2056 6184 240 104 wordt
2300 6184 20 104 .

2843 6350 60 149 $
2995 6345 84 150 7
3091 6344 28 149 .

695 6571 97 104 Al
819 6570 89 105 de
947 6567 493 107 melkkannen
1447 6567 17 104 ,
1503 6566 117 105 die
1663 6565 149 105 met
1839 6564 201 105 melk
2075 6563 117 104 uit
2227 6562 89 104 de
2355 6559 433 107 gemeenten
2819 6558 173 105 naar
3019 6557 89 105 de
3143 6556 181 105 Stad
3367 6555 197 105 Gent
3591 6553 349 105 vervoerd
3971 6550 277 107 worden
4267 6550 25 104 ,
4323 6549 289 105 moeten
4643 6547 181 105 door
4859 6546 113 105 die
5011 6544 433 106 gemeenten

489 6709 139 102 van
687 6706 281 104 loodjes
1031 6704 335 104 voorzien
1443 6701 289 104 worden
1741 6701 13 102 .
1811 6700 113 102 De
1981 6697 277 104 loodjes
2313 6695 293 104 moeten
2657 6693 193 103 eerst
2899 6692 81 103 in
3031 6691 87 103 de
3171 6689 311 104 winkels
3537 6685 437 105 verwijderd
4027 6683 299 104 worden
4333 6683 17 102 .
4403 6682 99 102 Al
4561 6681 91 102 de
4705 6678 291 104 kannen
5049 6677 151 103 met
5259 6675 188 104 afge

487 6830 300 89 roomde
859 6829 196 88 melk
1119 6827 288 89 moeten
1475 6824 504 90 daarenboven
2047 6823 136 88 van
2243 6822 132 88 een
2447 6820 240 89 blauw
2743 6819 212 89 kruis
3019 6817 340 89 voorzien
3407 6815 308 89 worden
3719 6815 16 88 .

2819 7021 71 153 $
2967 7009 91 154 8
3059 7005 32 150 .

2812 7020 90 154 S

2985 7025 36 118 8

674 7242 596 112 Overtredingen
1319 7240 209 109 dezer
1577 7237 491 111 verordening
2115 7235 293 109 worāen
2467 7233 151 109 met
2679 7232 173 109 eene
2893 7230 223 109 boete
3169 7229 117 109 tot
3341 7228 191 109 5000
3585 7226 217 109 Mark
3855 7225 91 108 en
3999 7221 643 112 gevangenzitting
4693 7220 113 108 tot
4859 7219 43 108 2
4951 7218 161 109 jaar
5161 7217 85 108 of
5291 7216 127 108 me

489 7379 133 104 een
691 7377 213 105 dezer
973 7374 299 106 straffen
1331 7372 311 106 bestraft
1647 7372 17 104 ,
1737 7370 255 105 indien
2055 7367 299 106 volgens
2405 7366 99 105 de
2563 7363 393 107 bestaande
3025 7361 271 106 wetten
3371 7360 93 104 en
3535 7355 581 109 verordeningen
4177 7354 157 105 niet
4401 7353 131 105 een
4593 7350 315 106 hoogere
4969 7349 189 105 straf
5199 7347 203 105 toege

487 7510 165 113 past
711 7509 61 112 is
780 7509 13 112 .
855 7507 113 113 De
1019 7500 617 119 levensmiddelen
1707 7499 85 113 en
1867 7493 470 118 voorwerpen
2347 7493 21 112 ,
2439 7490 289 115 waarop
2787 7489 89 112 de
2939 7484 477 116 overtreding
3471 7479 445 116 betrekking
3967 7476 202 114 heeft
4167 7476 25 112 ,
4259 7473 301 114 kunnen
4635 7468 361 115 verbeurd
5055 7464 353 115 verklaai

488 7638 294 82 worden
794 7638 14 82 .

903 7763 191 84 Gent
1082 7763 21 84 ,
1171 7762 132 84 den
1371 7761 88 85 10
1515 7760 320 85 Januari
1899 7759 188 84 1917
2095 7759 16 84 .
2099 7763 22 116 .

1279 7920 254 187 Der
1666 7912 488 191 Etappen
2175 7912 57 185 -
2247 7902 870 194 Kommandant
3113 7901 57 185 ,
3212 7897 262 188 VON
3559 7891 486 190 WICK
4051 7891 26 184 ,
4163 7877 1074 196 Oberstleutnant
5243 7877 22 184 .

1723 8201 265 94 Drukk
1996 8201 17 92 .
2067 8198 172 94 Sint
2248 8198 23 92 -
2280 8194 363 96 Antonius
2638 8194 23 92 ,
2711 8192 169 93 JOS
2888 8191 21 92 .
2959 8185 550 98 DOOREMAN
3544 8185 23 92 -
3572 8178 606 98 VOLCKAERT
4169 8178 23 92 .
