8476 6556
6860 625 309 182 586

3118 1008 2258 552 BERICHT

1344 1928 232 184 De
1696 1928 1336 184 Burgemeester
3144 1928 296 184 van
3568 1928 1016 184 Meirelbeke
4624 1928 32 184 ;

1336 2264 616 184 Gezien
2112 2264 280 184 art
2416 2264 24 184 .
2560 2264 264 184 94
2952 2264 304 184 der
3384 2264 1304 184 Gemeentewet
4824 2264 208 184 en
5176 2264 208 184 de
5528 2264 1184 184 kennisgeving
6856 2264 304 184 van
7312 2264 272 184 het

966 2512 1026 208 Provinciaal
2102 2522 1594 214 Voedingscomiteit
3734 2536 34 200 ,

1342 2824 634 159 Besluit
2037 2831 34 152 :

1136 3144 304 208 Art
1456 3144 32 208 .
1624 3144 160 208 1.
1888 3144 248 208 Te
2248 3144 736 208 rekenen
3096 3144 304 208 van
3520 3144 664 208 Zondag
4304 3144 112 208 7
4496 3144 688 208 Januari
5288 3144 424 208 1917
5736 3144 32 208 ,
5880 3144 248 208 zal
6248 3144 280 208 het
6605 3144 515 208 meel
7176 3144 416 208 door

960 3420 280 208 het
1404 3420 804 208 Comiteit
2376 3420 784 208 geleverd
3324 3420 308 208 aan
3808 3420 208 208 de
4188 3420 720 208 bakkers
4928 3420 32 208 ,
5136 3420 696 208 worden
6008 3420 896 208 afgestaan
7076 3420 500 208 tegen

952 3704 592 200 48,65
1648 3704 137 200 fr
1821 3704 36 200 .
1984 3704 296 200 per
2384 3704 344 200 100
2840 3704 416 200 kilos
3280 3704 32 200 .

1821 3730 54 176 .

1140 4032 308 216 Art
1468 4032 32 216 .
1616 4032 172 216 2.
1912 4032 236 216 De
2328 4032 396 216 prijs
2876 4032 308 216 van
3352 4032 288 216 het
3796 4032 516 216 brood
4472 4032 140 216 is
4764 4032 1052 216 vastgesteld
5976 4032 212 216 op
6344 4032 456 216 0,42
6908 4032 160 216 fr
7088 4032 28 216 .
7284 4032 304 216 per

955 4312 516 187 brood
1579 4325 309 183 van
1995 4334 405 185 925
2508 4346 875 195 grammen

1351 4692 1025 203 Meirelbeke
2392 4691 41 200 ,
2535 4691 209 200 10
2847 4687 681 203 Januari
3663 4685 449 202 1917
4143 4685 33 200 .

5469 4976 146 147 De
5693 4980 824 162 Burgemeester
6509 4997 43 145 ,

4772 5200 436 300 Jos
5228 5204 35 296 .
5485 5207 1555 311 Hebbelynek
7060 5223 51 296 .

5228 5291 46 152 .

3124 5636 283 112 Drukk
3414 5636 22 112 .
3488 5636 185 112 Sint
3686 5636 27 112 -
3717 5636 404 112 Antonius
4118 5636 27 112 ,
4196 5636 145 112 Jos
4345 5636 24 112 .
4416 5636 468 112 Dooreman
4900 5636 36 112 -
4944 5636 456 112 Volekaert
5408 5636 16 112 .
