8549 6505
1135 908 322 291 Mob
1423 907 70 289 .
1587 900 609 295 Etappen
2216 900 80 289 -
2280 887 1322 301 Kommandantuur

4572 1076 164 212 E.
4832 1076 468 212 H.O.
5328 1076 32 212 ,
5513 1076 272 212 den
5940 1076 256 212 23
6300 1076 676 212 Januari
7100 1076 472 212 1917.
7834 1076 270 212 570

7818 1102 50 152 5

1371 1255 213 140 237
1595 1254 17 140 /
1623 1253 217 141 VIII
1895 1253 65 140 d
1968 1252 21 140 .
2043 1251 97 141 4.
2187 1251 109 140 A.
2351 1250 45 140 -
2447 1249 93 141 J.
2591 1248 145 141 Nr
2743 1248 21 140 .
2819 1247 213 141 Arb
3044 1246 17 140 .
3119 1245 257 141 6158
3383 1245 25 140 .

2248 1504 708 503 Aan
3170 1512 714 503 alle
4091 1521 2196 515 Gemeenten

1344 2336 220 184 De
1652 2336 1424 184 Burgemeesters
3176 2336 632 184 hebben
3928 2336 304 184 aan
4356 2336 532 184 hunne
5004 2336 836 184 inwoners
5960 2336 628 184 bekend
6700 2336 172 184 te
6992 2336 584 184 maken

956 2612 284 196 dat
1308 2612 400 196 voor
1784 2612 420 196 eene
2276 2612 1004 196 turffabriek
3372 2612 136 196 in
3576 2612 920 196 Westfalen
4560 2612 52 196 (
4636 2612 1072 196 Duitschland
5728 2612 48 196 )
5828 2612 208 196 10
6100 2612 1472 196 werkmansfami

960 2888 280 196 liën
1356 2888 196 196 en
1672 2888 252 196 25
2044 2888 708 196 knechte
2868 2888 200 196 en
3192 2888 644 196 meiden
3964 2888 193 196 bij
4268 2888 644 196 goeden
4996 2888 864 196 verdienst
5968 2888 832 196 gevraagd
6884 2888 700 196 worden

1344 3224 936 192 Bovendien
2400 3224 544 192 wordt
3056 3224 312 192 nog
3528 3224 312 192 een
3960 3224 496 192 groot
4568 3224 448 192 getal
5136 3224 824 192 knechten
6080 3224 200 192 en
6400 3224 648 192 meiden
7160 3224 424 192 voor

959 3492 309 190 den
1415 3495 873 194 landbouw
2399 3501 141 190 in
2667 3503 1073 196 Duitschland
3855 3511 841 194 gevraagd
4726 3517 25 188 .

1344 3824 656 200 Nadere
2080 3824 1056 200 inlichtingen
3216 3824 296 200 zijn
3624 3824 144 200 in
3856 3824 280 200 het
4230 3824 1139 200 verhuurings
5370 3824 60 200 -
5456 3824 624 200 bureel
6112 3824 400 200 voor
6609 3824 959 200 ambachts

956 4100 544 224 lieden
1620 4100 1556 224 Kommandantuur
3192 4100 28 224 ,
3352 4100 632 224 Kouter
4088 4100 260 224 28
4368 4100 28 224 ,
4508 4100 180 224 te
4796 4100 944 224 verkrijgen
5768 4100 32 224 .

1348 4424 236 212 De
1692 4424 1024 212 gemeenten
2804 4424 656 212 melden
3572 4424 260 212 tot
3940 4424 664 212 26.1.17
4692 4424 208 212 op
4972 4424 516 212 welke
5608 4424 628 212 manier
6348 4424 1236 212 bovenstaande

960 4720 320 200 aan
1396 4720 200 200 de
1712 4720 836 200 bevolking
2668 4720 132 200 is
2912 4720 752 200 kenbaar
3764 4720 820 200 gemaagd
4696 4720 696 200 worden
5420 4720 28 200 .

4823 5005 196 314 De
5127 4998 620 318 Etappen
5767 4998 43 312 -
5823 4984 1332 325 Kommandantuur
7167 4984 27 312 .

5232 5332 1540 160 WERBEBUERO
6796 5332 28 160 .

3116 5620 284 108 Drukk
3408 5620 16 108 .
3480 5620 176 108 Sint
3660 5620 36 108 -
3704 5620 404 108 Antonius
4116 5620 16 108 ,
4184 5620 148 108 Jos
4340 5620 16 108 .
4412 5620 464 108 Dooreman
4892 5620 32 108 -
4940 5620 452 108 Volekaert
5400 5620 16 108 .

4894 5676 5 19 $
