6282 8684
695 664 271 240 Mob
969 663 73 237 .
1055 657 500 242 Etappen
1563 657 39 236 -
1607 644 1056 248 Kommandantuur

1067 673 57 176 E

3683 805 349 142 Gent
4048 805 21 140 ,
4163 802 253 142 den
4507 800 205 142 28
4791 796 557 144 Januari
5411 793 325 143 1917
5760 793 25 140 .

903 927 169 102 237
1079 926 17 102 /
1105 925 171 103 VIII
1315 925 55 102 d
1373 924 19 102 .
1435 923 77 103 4.
1547 923 87 102 A.
1677 922 37 102 -
1753 921 75 103 J.
1869 920 115 103 Nr
1985 920 21 102 .
2047 919 171 103 Arb
2226 918 15 102 .
2283 917 187 103 6311
2477 917 21 102 .

1582 1160 561 395 Aan
2309 1163 562 395 alle
3038 1167 1729 400 Gemeenten

5436 1230 177 133 564

860 1828 980 156 Verscheidene
1928 1828 132 156 Z.
2148 1828 140 156 A.
2392 1828 140 156 B.
2628 1828 504 156 hebben
3256 1828 244 156 een
3624 1828 572 156 voorstel
4328 1828 680 156 ingediend
5132 1828 320 156 voor
5580 1828 224 156 het

564 2092 640 160 bekomen
1332 2092 240 160 van
1664 2092 336 160 eene
2124 2092 644 160 grootere
2860 2092 860 160 hoeveelheid
3812 2092 252 160 van
4192 2092 744 160 kleedings-
5028 2092 156 160 en
5318 2092 474 160 uitrus

551 2360 921 159 tingsstukken
1491 2359 25 156 .
1607 2357 565 158 Volgens
2263 2353 641 159 instelling
2995 2349 1009 160 gedagteekend
4091 2347 253 157 van
4439 2343 757 159 7-10-1916
5283 2341 513 158 hebben

564 2612 156 152 de
804 2612 828 152 Gemeenten
1724 2612 316 152 voor
2140 2612 1236 152 kleedingsstukken
3464 2612 144 152 te
3696 2612 488 152 zorgen
4280 2612 497 152 ingeval
4904 2612 184 152 dit
5208 2612 312 152 voor
5644 2612 160 152 de

560 2872 484 164 familie
1128 2872 236 164 der
1488 2872 948 164 opgeeischten
2532 2872 256 164 niet
2880 2872 600 164 mogelijk
3572 2872 100 164 is
3692 2872 24 164 .
3864 2872 184 164 De
4188 2872 788 164 opgewekte
5120 2872 680 164 liefdadige

568 3120 768 188 inzameling
1472 3120 364 188 heeft
1964 3120 108 188 in
2204 3120 152 188 de
2475 3120 443 188 meest
2925 3120 1425 188 beklagenswaardige
4472 3120 364 188 wijze
4981 3120 187 188 bij
5276 3120 160 188 de
5549 3120 243 188 Ge

571 3403 617 164 meenten
1275 3402 247 163 een
1626 3398 668 166 volstrekt
2381 3396 773 165 schlechten
3275 3394 471 163 uitslag
3873 3390 795 165 opgeleverd
4692 3390 49 162 .
4835 3388 427 163 Zeker
5347 3387 101 162 is
5463 3387 23 162 ,
5579 3386 227 163 dat

568 3640 160 160 de
812 3640 452 160 schuld
1356 3640 244 160 aan
1696 3640 180 160 dit
1936 3640 620 160 schlecht
2648 3640 656 160 resultaat
3360 3640 440 160 vooral
3892 3640 244 160 aan
4232 3640 224 160 het
4516 3640 1288 160 Gemeentebestuur

571 3921 361 154 moet
1027 3916 633 156 gewezen
1747 3911 553 156 worden
2320 3911 21 152 .
2471 3906 665 156 Wanneer
3223 3897 1289 160 Gemeentebestuur
4631 3894 169 154 en
4923 3887 877 159 familieleden

567 4187 257 156 een
919 4184 461 158 belang
1467 4183 117 156 in
1679 4182 157 156 de
1919 4177 857 160 opgeeischte
2855 4173 789 159 werklieden
3735 4170 465 158 stellen
4223 4170 25 156 ,
4343 4168 253 157 kan
4707 4167 257 156 nog
5055 4165 245 157 een
5439 4162 365 158 getal

520 4400 808 184 waschgoed
1416 4400 176 184 en
1672 4400 1264 184 kleedingsstukken
3024 4400 552 184 worden
3656 4400 1140 184 zamengebracht
4788 4400 36 184 .
4896 4400 176 184 De
5128 4400 648 184 volstrekt

532 4660 860 180 onachtzame
1500 4660 836 180 handelwijze
2448 4660 540 180 noodigt
3068 4660 156 180 de
3336 4660 1220 180 Kommandantuur
4676 4660 152 180 de
4928 4660 836 180 krachtigste

535 4950 909 153 maatregelen
1527 4949 141 149 te
1759 4945 529 151 bezigen
2312 4945 21 148 .

840 5224 184 144 De
1112 5224 844 144 Gemeenten
2056 5224 500 144 hebben
2648 5224 208 144 tot
2940 5224 140 144 3.
3160 5224 136 144 2.
3400 5224 324 144 1917
3856 5224 140 144 te
4124 5224 520 144 melden
4756 5224 528 144 hoeveel
5399 5224 361 144 klee

532 5488 448 184 dings-
1068 5488 160 184 en
1320 5488 1272 184 uitrustingstukken
2680 5488 152 184 zij
2924 5488 260 184 nog
3240 5488 248 184 aan
3580 5488 164 184 de
3828 5488 1016 184 opgeeisschten
4936 5488 240 184 der
5232 5488 136 184 Z.
5416 5488 140 184 A.
5616 5488 144 184 B.

532 5752 536 172 kunnen
1156 5752 568 172 afgeven
1740 5752 24 172 .
1864 5752 444 172 Moest
2396 5752 156 172 de
2644 5752 492 172 uitslag
3216 5752 208 172 als
3512 5752 264 172 niet
3836 5752 728 172 voldoende
4624 5752 536 172 worden
5228 5752 532 172 aanzien

531 6008 201 148 zal
819 6009 161 148 de
1075 6010 1225 153 kommandantuur
2383 6016 1417 154 dwangmaatregelen
3895 6023 401 149 tegen
4387 6025 165 148 de
4651 6026 841 151 Gemeenten
5587 6030 173 149 en

539 6272 313 149 hare
935 6274 381 150 leden
1403 6277 729 151 gebruiken
2146 6281 25 148 .

844 6576 188 152 De
1120 6576 832 152 bijgevoegde
2040 6576 700 152 opstelling
2824 6576 108 152 is
3016 6576 248 152 den
3356 6576 140 152 3.
3564 6576 136 152 2.
3764 6576 204 152 17.
4064 6576 296 152 mee
4452 6576 108 152 in
4652 6576 140 152 te
4876 6576 464 152 dienen
5360 6576 24 152 .

3584 7016 160 240 De
3816 7016 501 240 Etappen
4332 7016 64 240 -
4395 7016 1048 240 Kommandantuur
5400 7016 64 240 .

2248 7720 217 92 Drukk
2478 7720 18 92 .
2536 7720 150 92 Sint
2689 7720 21 92 -
2713 7720 326 92 Antonius
3031 7720 21 92 ,
3092 7720 115 92 Jos
3209 7720 19 92 ,
3277 7720 361 92 Dooreman
3652 7720 27 92 -
3701 7720 348 92 Volekaert
4058 7720 22 92 .
