5202 4421
2874 190 12 36 2

1871 380 665 211 STAD
2679 375 681 212 GENT

4245 352 323 267 590

951 1004 317 133 Iedere
1319 1006 401 134 inwoner
1763 1008 77 132 is
1883 1009 449 134 verplicht
2375 1011 113 133 de
2535 1012 237 133 afval
2827 1014 173 132 van
3067 1015 337 134 spijzen
3467 1017 89 132 te
3619 1018 417 134 bewaren
4113 1021 40 132 :
4195 1021 117 133 de
4371 1022 241 133 vette

607 1132 35 136 (
641 1131 299 139 zijnde
987 1134 233 137 afval
1271 1136 169 136 van
1487 1137 357 138 vleesch
1858 1139 17 136 ,
1928 1140 352 137 beenen
2304 1142 41 136 ,
2363 1142 253 137 visch
2630 1144 17 136 ,
2703 1144 161 137 enz
2878 1145 17 136 .
2915 1145 21 136 )
2987 1146 109 136 en
3143 1147 113 136 de
3303 1148 273 137 droge
3627 1150 29 136 (
3659 1150 385 138 schillen
4058 1152 17 136 ,
4135 1153 437 138 groenten
4582 1155 21 136 ,

601 1278 291 123 brood
905 1279 17 122 ,
975 1279 163 123 enz
1153 1280 17 122 .
1181 1280 29 122 )
1263 1281 245 123 ieder
1557 1282 91 122 in
1693 1283 165 122 een
1905 1283 705 125 afzonderlijken
2647 1287 345 123 emmer
3035 1289 87 122 of
3167 1289 179 123 bak
3359 1290 17 122 .

946 1418 264 132 Ieder
1246 1418 470 132 huisgezin
1764 1418 242 132 moet
2054 1418 166 132 dus
2266 1418 228 132 twee
2542 1418 388 132 emmers
2978 1418 86 132 of
3114 1418 350 132 bakken
3534 1418 364 132 hebben
3960 1418 284 132 welke
4308 1418 304 132 zuiver

592 1544 360 132 moeten
996 1544 480 132 gehouden
1524 1544 364 132 worden
1904 1544 16 132 .

1051 1680 145 128 De
1279 1681 409 129 afhaling
1787 1683 133 129 zal
2023 1684 549 131 geschieden
2683 1688 217 128 voor
3003 1689 137 129 dit
3251 1690 205 129 deel
3571 1692 173 128 van
3865 1695 115 128 de
4081 1693 184 129 wijk
4283 1693 35 128 ,
4427 1692 177 128 den

583 1804 463 139 Maandag
1047 1808 37 136 ,
1167 1809 529 140 Woensdag
1771 1814 113 137 en
1959 1816 369 139 Vrijdag
2419 1820 173 137 van
2667 1822 85 137 af
2819 1823 49 136 9
2963 1825 169 137 uur
3227 1827 17 136 '
3251 1827 41 136 s
3359 1828 421 140 morgens
3794 1832 17 136 .

1048 1952 140 120 De
1272 1952 232 120 afval
1584 1952 256 120 dient
1912 1952 136 120 tot
2116 1952 148 120 het
2332 1952 424 120 kweeken
2820 1952 172 120 van
3064 1952 376 120 varkens
3456 1952 16 120 ,
3548 1952 216 120 wier
3824 1952 364 120 vleesch
4264 1952 340 120 dienen

580 2088 136 142 zal
800 2088 114 142 de
981 2088 226 142 helft
1278 2088 216 142 voor
1556 2088 114 142 de
1736 2088 666 142 bevoorrading
2466 2088 292 142 boven
2826 2088 154 142 het
3054 2088 796 142 vleeschrantsoen
3926 2088 162 142 der
4154 2088 450 142 inwoners

577 2214 173 126 van
835 2215 113 126 de
1031 2216 201 126 stad
1315 2217 111 126 en
1509 2218 113 126 de
1709 2219 335 128 andere
2149 2221 223 127 helft
2479 2223 215 127 voor
2799 2224 111 127 de
2999 2225 511 129 Militairen
3599 2228 211 127 mits
3905 2230 415 128 betaling
4427 2232 173 127 aan

575 2356 115 97 de
777 2358 227 98 Stad
1018 2360 17 96 .

1039 2484 141 136 De
1263 2485 553 138 inzameling
1875 2488 293 137 wordt
2227 2489 353 138 gedaan
2647 2491 225 137 door
2935 2493 177 136 den
3199 2494 565 139 Stedelijken
3835 2497 761 140 Reiningsdienst

569 2616 285 137 onder
935 2618 393 137 toezicht
1411 2620 161 137 der
1641 2621 335 138 policie
1987 2623 19 136 .
2101 2624 317 137 Iedere
2501 2626 159 137 kar
2739 2627 139 137 zal
2963 2628 423 138 voorzien
3469 2631 177 137 zijn
3729 2632 175 137 van
3989 2634 227 137 eene
4281 2635 149 137 bel
4443 2636 21 136 .

1029 2764 145 122 De
1235 2764 449 124 inwoners
1745 2767 305 123 zullen
2113 2768 115 123 de
2293 2769 389 123 emmers
2757 2771 89 122 of
2939 2772 359 123 bakken
3405 2774 68 122 in
3583 2775 177 122 den
3851 2776 243 122 gang
4189 2777 89 122 of
4377 2778 217 123 koer

561 2892 417 125 plaatsen
992 2892 21 120 .

1026 3032 140 138 De
1232 3032 446 138 inwoners
1744 3032 280 138 welke
2082 3032 282 138 geene
2428 3032 428 138 konijnen
2902 3032 92 138 of
3034 3032 372 138 kiekens
3454 3032 370 138 houden
3886 3032 178 138 zijn
4128 3032 452 138 verplicht

559 3162 181 116 den
803 3164 235 117 afval
1105 3167 85 115 af
1253 3169 91 114 te
1405 3170 359 119 leveren
1778 3174 17 114 .

1019 3288 145 133 De
1227 3289 445 136 inwoners
1735 3294 149 133 die
1947 3296 193 133 veel
2187 3298 445 136 afleveren
2679 3302 453 137 bekomen
3175 3307 97 133 in
3311 3308 281 135 groep
3639 3311 297 135 boven
3978 3314 158 133 het
4191 3316 385 136 gewoon

555 3420 425 131 rantsoen
1023 3424 457 131 kosteloos
1543 3428 165 129 een
1771 3430 205 129 deel
2039 3432 177 129 van
2279 3434 169 129 een
2507 3436 244 130 zwijn
2763 3438 34 128 .

3439 3868 448 144 Februari
3954 3890 221 133 1917

4254 4016 27 43 2
