6458 8959
3659 854 337 149 Gent
4011 854 25 148 ,
4139 852 237 149 den
4463 851 157 148 10
4715 847 593 151 Februari
5387 845 369 150 1917
5779 845 25 148 .

5624 1363 262 202 566

1120 1360 532 416 Aan
1814 1360 306 416 de
2281 1360 1387 416 Gemeente
3785 1360 1581 416 Meirelbeke
5328 1395 74 370 .

996 2300 180 152 De
1260 2300 712 152 gemeente
2056 2300 356 152 heeft
2492 2300 244 152 van
2820 2300 160 152 15
3088 2300 400 152 dezer
3572 2300 460 152 maand
4156 2300 140 152 af
4300 2300 24 152 ,
4456 2300 220 152 het
4792 2300 592 152 slachten
5508 2300 316 152 voor

688 2580 228 172 het
996 2580 976 172 rationnement
1988 2580 24 172 ,
2120 2580 540 172 noodige
2752 2580 236 172 vee
3068 2580 252 172 zelf
3396 2580 308 172 over
3780 2580 140 172 te
4004 2580 460 172 nemen
4488 2580 24 172 ,
4604 2580 164 172 en
4856 2580 156 172 de
5096 2580 720 172 verdeeling

688 2872 240 152 van
1016 2872 212 152 het
1308 2872 520 152 vleesch
1908 2872 136 152 te
2132 2872 324 152 doen
2480 2872 20 152 .
2600 2872 256 152 Het
2936 2872 324 152 door
3344 2872 216 152 het
3644 2872 580 152 slachten
4288 2872 708 152 gewonnen
5088 2872 212 152 vet
5384 2872 432 152 alsook

688 3156 160 164 de
936 3156 176 164 uit
1192 3156 240 164 den
1504 3156 329 164 afval
1920 3156 800 164 gemaakten
2812 3156 304 164 pâté
3132 3156 24 164 ,
3252 3156 576 164 worsten
3852 3156 20 164 ,
3968 3156 240 164 enz
4224 3156 20 164 .
4336 3156 224 164 zijn
4636 3156 144 164 bij
4872 3156 208 164 het
5161 3156 639 164 rationne

696 3440 364 164 ment
1164 3440 780 164 gelijkmatig
2060 3440 404 164 onder
2568 3440 156 164 de
2828 3440 656 164 inwoners
3588 3440 136 164 te
3820 3440 720 164 verdeelen
4564 3440 16 164 .

992 3732 180 152 De
1280 3732 556 152 verkoop
1952 3732 356 152 heeft
2416 3732 408 152 alleen
2940 3732 240 152 den
3240 3732 700 152 Zaterdag
4068 3732 152 152 en
4348 3732 512 152 Zondag
4988 3732 824 152 voormiddag

692 4020 428 156 plaats
1136 4020 24 156 ,
1264 4020 108 156 in
1456 4020 648 156 grootere
2200 4020 800 156 gemeenten
3104 4020 108 156 in
3304 4020 936 156 verscheidene
4324 4020 1016 156 verkoophuizen
5368 4020 20 156 ,
5484 4020 340 156 binst

696 4316 760 140 denzelfden
1564 4316 203 140 tijd
1788 4316 36 140 .
1960 4316 180 140 De
2248 4316 700 140 gemeente
3060 4316 100 140 is
3272 4316 312 140 voor
3716 4316 152 140 de
4008 4316 796 140 handhaving
4920 4316 236 140 der
5256 4316 284 140 rust
5660 4316 164 140 en

1809 4305 47 154 .

687 4548 309 159 orde
1095 4551 153 157 bij
1331 4553 237 159 den
1659 4556 577 162 verkoop
2319 4562 253 159 van
2675 4565 229 158 het
2995 4568 529 161 vleesch
3538 4573 25 156 ,
3691 4574 1169 167 verantwoordelijk
4897 4585 39 156 .
5071 4586 180 158 De
5396 4589 408 161 slach

683 4844 285 159 ters
1087 4847 741 163 ontvangen
1963 4855 441 161 hunne
2535 4860 893 165 slachtkosten
3551 4870 245 158 van
3923 4873 157 158 de
4162 4875 693 163 gemeente
4874 4881 21 156 .
5015 4883 792 163 Eventueele

683 5116 873 168 weigeringen
1691 5125 236 162 der
2071 5128 660 166 slachters
2839 5135 233 162 zijn
3183 5138 497 164 seffens
3801 5143 183 163 bij
4091 5146 156 162 de
4379 5149 1192 171 Kommandantuur
5662 5160 141 162 te

685 5408 506 158 melden
1210 5414 26 152 .
1358 5415 173 154 De
1621 5418 1914 174 slachterstoelatingskaarten
3661 5441 230 155 van
4017 5445 115 153 al
4230 5448 157 153 de
4505 5451 658 159 slachters
5278 5459 234 156 zijn
5605 5463 202 155 tot

674 5684 158 138 15
913 5687 398 143 dezer
1393 5695 466 143 maand
1921 5703 254 140 ter
2258 5709 1177 154 kommandantuur
3509 5728 378 142 terug
3969 5735 138 138 te
4189 5739 418 142 geven
4621 5746 30 136 .

978 5968 185 162 De
1281 5971 318 165 door
1717 5977 222 163 het
2017 5981 602 167 slachten
2721 5989 506 167 gedane
3329 5997 554 167 winsten
3902 6004 30 160 ,
4045 6006 246 163 kan
4397 6010 162 163 de
4673 6014 706 169 gemeente
5485 6024 314 164 voor

674 6264 157 162 de
914 6266 369 165 arme
1386 6271 653 168 bevolking
2062 6279 22 160 ,
2170 6280 206 163 tot
2465 6283 590 167 aankoop
3137 6290 234 163 van
3438 6294 377 164 kolen
3901 6299 242 163 enz
4158 6302 22 160 .
4269 6303 774 168 verwenden
5062 6311 26 160 ,
5173 6313 622 166 waarvan

674 6540 222 163 het
994 6544 710 170 Burgerlijk
1822 6555 513 167 Beheer
2425 6563 234 163 van
2766 6568 337 164 Oost
3113 6572 58 161 -
3182 6573 821 171 Vlaanderen
4097 6586 514 166 verslag
4705 6594 142 162 te
4937 6597 410 165 geven
5445 6604 102 161 is
5561 6605 26 160 .

3960 7060 127 116 De
4139 7060 344 120 Etappen
4529 7064 32 116 -
4559 7064 622 120 Kommandant
5164 7069 32 116 ,

4547 7324 70 69 A.
4693 7326 64 69 B.

3676 7408 43 264 (
3744 7409 183 266 get
3937 7411 23 264 .
3972 7412 43 264 )
4146 7413 1123 279 Wettstein

5270 7513 80 170 1

4557 7720 403 71 LEUTNANT
4961 7723 17 68 .

2327 8019 220 88 Drukk
2548 8019 19 88 .
2607 8018 149 88 Sint
2756 8018 22 88 -
2781 8016 317 90 Antonius
3089 8016 22 88 ,
3152 8016 112 88 Jos
3262 8015 22 88 .
3323 8014 355 89 Dooroman
3699 8014 19 88 -
3729 8012 353 89 Yolekaert
4080 8012 19 88 .
