6119 8755
564 496 467 245 MOB
1045 501 35 240 .
1220 503 2891 274 ETAPPENKOMMANDANTUR
4236 539 579 247 GENT
4828 545 43 240 .

1598 815 1399 229 Landwirtschftl
2975 828 57 216 .
3158 830 394 219 Abtl
3543 833 57 216 .

1920 1120 172 204 J.
2224 1120 192 204 Nº
2544 1120 220 204 IV
2884 1120 360 204 595
3256 1120 44 204 .

3670 1488 362 165 Gent
4038 1492 34 160 ,
4198 1494 90 161 5
4422 1497 489 167 Maart
5046 1505 410 165 1917
5477 1511 26 160 ,

4200 1495 91 165 5

5526 1998 124 92 1036

608 1840 629 512 Aan
1462 1840 339 512 de
2043 1840 1436 512 Gemeente
3721 1840 1616 512 Merelbeke
5311 1840 135 512 .

840 2502 502 166 Volgens
1453 2504 681 157 ingediende
2187 2499 711 158 opstelling
3041 2496 279 156 heeft
3449 2495 141 154 de
3719 2490 607 158 gemeente
4469 2488 209 155 een
4787 2485 315 156 getal
5151 2483 333 156 Ivan
5507 2482 135 155 1

1463 2796 690 371 867
2439 2785 2066 378 LEGHENNEN
4511 2785 74 368 .

811 3326 821 165 Diensvolgens
1703 3321 461 164 moeten
2247 3319 225 162 van
2559 3317 381 162 iedere
3039 3312 405 164 leghen
3551 3307 745 165 wekelijksch
4387 3305 73 161 2
4551 3302 389 163 eieren
5023 3300 229 162 aan
5343 3299 145 161 de

535 3491 625 152 BUTTER
1163 3491 33 148 -
1203 3485 817 154 ZENTRALE
2139 3484 217 149 DER
2471 3477 953 154 KOMMANDANTUR
3432 3477 21 148 ,
3575 3474 313 150 GENT
3900 3474 21 148 ,
4003 3465 1217 157 NIEUWPOORTSTRAAT
5347 3463 145 149 14

528 3657 658 263 afgeleverd
1264 3652 466 260 worden
1815 3649 146 258 op
2040 3646 226 259 zijn
2359 3641 530 261 laatst
2975 3638 242 258 tot
3279 3630 706 264 Vrijdag
4064 3624 674 262 middag
4839 3621 210 258 12
5119 3617 316 259 uur
5459 3617 38 256 .

805 3952 868 160 Tegelijkertijd
1745 3949 242 153 met
2067 3946 142 152 de
2279 3939 642 158 aflevering
2981 3937 210 152 der
3237 3932 388 154 eieren
3695 3930 100 151 is
3865 3927 274 153 eene
4209 3923 282 153 door
4561 3920 222 152 den
4855 3912 640 157 sekretaris

531 4110 777 169 opgemaakte
1439 4101 845 171 nauwkeurige
2379 4098 237 167 lijst
2766 4092 622 170 intedienen
3420 4092 50 164 .
3519 4089 177 166 Op
3815 4087 265 166 deze
4179 4084 237 166 lijst
4499 4081 309 166 moet
4911 4079 141 165 de
5139 4075 361 167 naam

542 4283 214 136 van
855 4281 141 137 de
1124 4277 681 139 leverancier
1816 4277 41 136 .
1919 4275 214 137 het
2242 4273 318 137 getal
2651 4270 349 138 zijner
3111 4267 457 139 hennen
3685 4266 127 136 en
3908 4264 196 137 het
4175 4262 317 138 getal
4603 4260 393 137 eieren
5081 4257 374 138 aange

532 4448 367 143 geven
987 4442 207 140 zijn
1203 4441 39 137 ,
1327 4435 207 140 dat
1611 4431 156 139 hij
1859 4420 459 145 leveren
2407 4411 325 143 moet
2717 4411 30 137 .

807 4630 309 141 Voor
1231 4628 313 141 ieder
1643 4627 105 140 ei
1831 4625 205 141 dat
2127 4624 121 141 te
2327 4622 429 142 weinig
2851 4619 537 142 geleverd
3487 4616 393 142 wordt
3995 4615 177 140 zal
4271 4614 137 140 de
4495 4612 273 141 voor
4863 4608 649 144 aflevering

535 4795 641 148 verplichte
1255 4793 121 145 in
1451 4790 297 146 straf
1819 4786 569 148 genomen
2467 4781 469 148 worden
2948 4781 21 144 .

690 5055 105 116 In
859 5053 125 117 de
1035 5049 377 119 maand
1475 5045 349 119 Maart
2147 5039 216 140 zijn
2419 5031 259 142 voor
2723 5022 351 144 iedere
3127 5016 211 141 hen
3395 5013 71 138 2
3766 5029 325 147 eieren
4159 5028 189 145 per
4403 5027 285 145 week
4765 5026 83 144 te
4903 5023 404 146 leveren
5332 5023 28 144 .

683 5196 132 145 In
871 5197 128 145 de
1055 5199 377 146 maand
1491 5202 309 146 April
2148 5203 210 148 zijn
2419 5195 255 150 voor
2723 5187 351 151 iedere
3131 5181 207 148 hen
3395 5177 75 146 3
3758 5193 328 143 eieren
4155 5191 185 142 per
4403 5189 285 142 week
4747 5188 101 140 te
4899 5185 412 142 leveren
5328 5184 29 140 .

703 5379 98 124 In
871 5376 129 126 de
1059 5372 373 128 maand
1487 5369 217 127 Mei
2156 5371 210 136 zijn
2443 5365 242 137 voor
2727 5358 355 138 iedere
3131 5353 207 136 hen
3399 5351 74 133 3
3752 5352 352 148 eieren
4160 5352 184 148 per
4400 5352 300 148 week
4748 5352 104 148 te
4908 5352 424 148 leveren
5340 5352 20 148 .

683 5545 134 114 In
875 5543 126 114 de
1055 5538 373 117 maand
1487 5534 273 115 Juni
2152 5531 210 144 zijn
2423 5524 259 145 voor
2731 5515 355 148 iedere
3131 5510 211 144 hen
3395 5507 75 142 2
3747 5518 353 141 eieren
4159 5517 185 141 per
4403 5516 289 141 week
4751 5515 101 140 te
4925 5512 414 143 leveren
5353 5513 24 140 .

5348 5528 23 110 .

687 5707 129 112 In
875 5706 129 112 de
1063 5702 373 115 maand
1487 5700 237 114 Juli
2147 5700 209 139 zijn
2423 5692 253 140 voor
2723 5683 355 142 iedere
3129 5677 194 138 hen
3395 5673 71 136 3
3764 5682 323 145 eieren
4153 5682 191 144 per
4399 5680 297 145 week
4743 5680 107 144 te
4922 5678 410 146 leveren
5347 5678 24 144 .

691 5870 129 149 In
875 5869 129 149 de
1059 5866 377 150 maand
1499 5860 565 153 Augustus
2151 5858 213 150 zijn
2423 5856 257 150 voor
2731 5853 353 150 iedere
3135 5850 209 150 hen
3399 5849 73 149 2
3527 5848 121 149 12
3743 5845 353 150 eieren
4151 5843 189 149 per
4387 5839 305 151 week
4743 5839 105 148 te
4899 5835 416 151 leveren
5329 5835 31 148 .

691 6035 133 148 In
879 6034 125 148 de
1063 6031 377 150 maand
1495 6027 625 151 September
2159 6025 217 149 zijn
2435 6023 253 149 voor
2739 6020 353 150 iedere
3143 6019 209 149 hen
3411 6018 73 148 2
3747 6013 345 146 eieren
4155 6011 185 145 per
4395 6008 305 147 week
4747 6008 105 144 te
4903 6004 429 147 leveren
5352 6004 13 144 .

708 6201 103 110 In
877 6200 129 110 de
1063 6197 375 112 maand
1495 6193 467 113 October
2155 6188 214 151 zijn
2424 6184 258 152 voor
2731 6179 355 153 iedere
3127 6176 215 151 hen
3407 6175 58 149 1
3523 6173 122 150 1/2
3748 6171 97 149 ei
3896 6167 190 151 per
4140 6163 297 152 week
4491 6161 107 149 te
4643 6156 418 152 leveren
5078 6155 32 148 .

3404 6168 61 151 I

700 6355 115 152 In
879 6354 129 153 de
1063 6353 377 153 maand
1499 6350 605 154 November
2143 6349 213 153 zijn
2415 6348 253 153 voor
2715 6347 353 153 iedere
3119 6346 209 152 hen
3399 6345 53 152 1
3733 6340 109 146 ei
3865 6335 224 149 per
4137 6330 302 150 week
4488 6327 108 147 te
4663 6320 407 152 leveren
5090 6320 26 145 .

700 6508 132 152 In
888 6508 128 152 de
1068 6508 376 152 maand
1508 6508 580 152 December
2156 6508 212 152 zijn
2428 6508 256 152 voor
2745 6508 350 152 iedere
3116 6508 224 152 hen
3400 6508 120 152 1/2
3744 6509 102 142 ei
3896 6504 195 144 per
4136 6496 302 147 week
4487 6494 107 142 te
4643 6484 431 148 leveren
5083 6483 19 140 .

691 6698 133 113 In
879 6696 129 114 de
1059 6692 377 116 maand
1487 6688 457 116 Januari
2171 6681 185 146 zijn
2436 6676 254 148 voor
2735 6671 355 149 iedere
3135 6667 210 147 hen
3403 6666 114 145 12
3744 6673 98 146 ei
3892 6668 190 148 per
4135 6659 299 151 week
4487 6656 103 146 te
4639 6645 414 154 leveren
5066 6644 33 145 .

695 6855 133 140 In
879 6854 129 140 de
1063 6851 373 142 maand
1491 6847 517 143 Februari
2159 6845 209 141 zijn
2431 6843 253 142 voor
2731 6841 349 142 iedere
3131 6840 209 140 hen
3403 6839 57 140 1
3744 6837 102 142 ei
3896 6831 194 145 per
4139 6822 299 148 week
4487 6819 111 142 te
4647 6807 427 151 leveren
5079 6807 23 140 .

2943 7068 235 267 De
3336 7042 1939 289 Etappenkommandant
5256 7066 44 183 .

5639 7690 19 24 år
5639 7715 19 5 .

579 7513 174 170 N.
883 7510 150 169 B.
1155 7505 202 171 De
1504 7501 165 170 af
1767 7498 135 170 te
2023 7489 579 175 leveren
2756 7481 486 174 eieren
3364 7472 573 175 moeten
4075 7463 482 175 iedere
4691 7456 410 173 week
5223 7451 278 172 den

903 7702 1122 209 DONDERDAG
2112 7694 962 208 voormiddag
3135 7691 243 203 ten
3455 7682 1162 210 gemeentehuize
4703 7674 802 207 afgegeven

903 7952 593 140 worden
1510 7956 25 136 .

2959 8108 318 215 Het
3407 8092 1610 227 Gemeentebestuur
5023 8092 46 212 .

617 8372 237 75 Drukk
859 8371 15 74 ,
923 8370 72 75 St
1005 8370 19 74 -
1018 8367 327 77 Antonius
1347 8367 19 74 ,
1411 8365 117 75 Jos
1533 8365 15 74 .
1595 8361 355 78 Dooreman
1973 8361 20 74 -
2008 8358 342 77 Volckaert
2347 8358 20 74 .
