8793 6334
7804 520 268 208 592

608 768 3878 640 Bekanntmachung
4834 768 3230 640 Bekendmaking

944 1616 272 184 Auf
1280 1616 456 184 Grund
1824 1616 232 184 der
2112 1616 872 184 Verordnung
3080 1616 280 184 vom
3456 1616 848 184 13.4.1917

775 1891 709 172 betreffend
1659 1896 249 169 den
2035 1898 993 172 Gasverbrauch
3163 1903 321 170 wird
3603 1906 688 170 bestimmt
4263 1909 45 168 ,

775 2160 289 168 dass
1151 2161 241 168 1/3
1503 2162 225 169 der
1847 2163 433 170 bisher
2399 2165 937 171 verbrauchten
3471 2169 457 170 Menge
4010 2171 302 170 wei

4888 1632 196 184 Op
5188 1632 416 184 grond
5728 1632 232 184 der
6068 1632 852 184 verordening
7040 1632 240 184 van
7400 1632 868 184 13-4-1917

4718 1895 806 188 betreffende
5622 1904 222 181 het
5889 1906 738 187 gebruiken
6697 1913 234 182 van
7017 1916 234 182 gas
7273 1918 30 180 ,
7373 1919 423 183 wordt
7853 1923 146 182 er
8057 1925 168 182 be

4723 2176 413 183 stemd
5191 2179 225 182 dat
5458 2182 241 181 een
5751 2184 400 184 derde
6214 2188 245 182 van
6523 2190 160 182 de
6743 2192 197 182 tot
7035 2195 496 184 hiertoe
7566 2199 705 186 gebruikte

4719 2468 841 182 hoeveelheid
5627 2474 425 178 voorts
6115 2477 297 178 mag
6471 2479 633 181 gebruikt
7163 2484 521 180 worden
7702 2488 29 176 ,
7791 2488 485 180 MAAR

4722 2748 1314 150 UITSLUITELIJK
6099 2753 240 146 OM
6405 2754 700 148 ERMEDE
7172 2757 211 146 TE
7444 2758 603 148 KOKEN
8069 2760 29 146 .

772 2456 204 176 ter
1112 2456 772 176 verbraucht
2000 2456 516 176 werden
2640 2456 302 176 darf
2924 2456 44 176 ,
3136 2456 688 176 JEDOCH
3942 2456 378 176 AUS

776 2736 1224 140 SCHLIESSLICH
2120 2736 344 140 ZUM
2580 2736 704 140 KOCHEN
3320 2736 24 140 .

956 3017 1412 183 Zuwiderhandlungen
2503 3015 521 178 werden
3135 3013 521 178 gemäss
3807 3011 243 177 Ziff
4052 3011 37 176 .
4223 3010 89 176 4

780 3304 228 176 der
1112 3304 768 176 vorstehend
1944 3304 740 176 genannten
2748 3304 868 176 Verordnung
3716 3304 552 176 bestraft
4284 3304 28 176 .

4887 3032 1037 183 Overtredingen
6055 3040 521 180 worden
6699 3044 525 180 volgens
7331 3049 361 178 cijfer
7827 3052 93 177 4
8031 3054 241 178 van

4719 3312 1137 182 bovengenoemde
5959 3319 849 180 verordening
6871 3324 562 179 gestraft
7423 3327 49 176 .

1263 3672 224 273 E.
1591 3673 256 273 H.
1959 3675 240 273 O.
2222 3676 49 272 ,
2345 3677 391 274 den
2888 3680 429 274 14.
3335 3682 585 274 April
4063 3685 625 276 1917
4726 3689 33 272 .

4331 4120 461 319 Der
4939 4130 1405 335 Militärische
6498 4156 1319 333 Polizeichef
7758 4176 81 313 ,

5912 4560 820 288 HEITZ
6742 4560 74 288 ,

6013 4936 674 271 Major
6675 4943 77 265 .

920 5182 199 100 Gent
1114 5182 26 100 ,
1200 5182 198 100 druk
1408 5182 18 100 .
1486 5182 112 100 Ad
1612 5182 12 100 .
1686 5182 217 100 Hoste
1916 5182 23 100 .
