9010 6936
1399 432 2153 625 Bekanntmachung

5622 415 1834 654 Bekendmaking

7666 672 511 367 Mos

1695 2653 153 78 um

1622 2698 35 56 9

919 1439 165 108 Am

2972 1440 308 104 finden
3324 1440 144 104 die
3516 1440 532 104 Kontrollen
4096 1440 168 104 der

691 1615 62 108 in
807 1612 163 110 der
1011 1606 499 114 Gemeinde

3678 1610 586 110 wohnenden

684 1776 568 132 männlichen
1316 1776 360 132 Belgier
1680 1776 28 132 ,
1756 1776 144 132 die
1960 1776 88 132 in
2116 1776 176 132 den
2356 1776 340 132 Jahren
2764 1776 248 132 1885
3068 1776 136 132 bis
3272 1776 240 132 1898
3560 1776 408 132 geboren
4028 1776 192 132 sind
4236 1776 28 132 ,

684 1936 160 152 der
904 1936 500 152 Mitglieder
1488 1936 168 152 der
1728 1936 576 152 ehemaligen
2392 1936 296 152 Garde
2776 1936 355 152 civique
3134 1936 34 152 ,
3228 1936 168 152 der
3472 1936 84 152 in
3636 1936 200 152 ihre
3908 1936 356 152 Heimat

684 2112 568 136 entlassenen
1304 2112 980 136 militäruntauglichen
2332 2112 540 136 feindlichen
2936 2112 884 136 Kriegsteilnehmer
3864 2112 184 136 und
4100 2112 164 136 der

680 2284 532 112 feindlichen
1280 2284 508 112 Ausländer
1844 2284 212 112 statt
2060 2284 24 112 .

911 2448 165 133 Die
1123 2450 473 136 Kontrolle
1647 2455 325 135 erfolgt
2024 2458 74 133 in

2216 2628 188 132 Uhr
2452 2628 532 132 vormittags
3028 2628 37 132 (
3065 2628 431 132 deutsche
3532 2628 192 132 Zeit
3728 2628 24 132 )
3760 2628 24 132 .

915 2799 189 132 Den
1203 2794 657 136 Anordnungen
1959 2793 165 132 der
2215 2787 989 137 Wachmannschaften
3307 2785 185 133 und
3591 2783 169 133 der
3855 2782 170 133 bei
4099 2781 169 132 der

684 2964 456 140 Kontrolle
1200 2964 616 140 anwesenden
1880 2964 524 140 belgischen
2472 2964 360 140 Polizei-
2896 2964 180 140 und
3152 2964 932 140 Gemeindebeamten
4156 2964 112 140 ist

680 3132 488 140 unbedingt
1204 3132 272 140 Folge
1516 3132 116 140 zu
1676 3132 316 140 leisten
2000 3132 24 140 .
2064 3132 164 140 Die
2272 3132 620 140 anwesenden
2924 3132 440 140 Truppen
3400 3132 200 140 sind
3648 3132 575 140 angewiesen
4231 3132 34 140 ,

690 3308 67 112 im
848 3308 584 112 Bedarfsfalle
1492 3308 176 112 von
1712 3308 176 112 den
1928 3308 360 112 Waffen
2324 3308 488 112 Gebrauch
2860 3308 116 112 zu
3020 3308 388 112 machen
3420 3308 24 112 .

916 3468 156 148 Die
1108 3468 944 148 Kontrollpflichtigen
2080 3468 592 148 unterstehen
2696 3468 152 148 am
2884 3468 628 148 Kontrolltage
3548 3468 180 148 den
3760 3468 504 148 deutschen

679 3652 740 131 Kriegsgesetzen
1430 3652 36 128 .

916 3800 144 144 Bei
1100 3800 164 144 der
1320 3800 1108 144 Kontrollversammlung
2472 3800 112 144 ist
2628 3800 436 144 Rauchen
3072 3800 28 144 ,
3156 3800 284 144 sowie
3476 3800 160 144 das
3680 3800 356 144 Tragen
4084 3800 180 144 von

680 3984 504 140 Abzeichen
1232 3984 448 140 verboten
1688 3984 24 140 ,
1760 3984 580 140 desgleichen
2372 3984 216 140 jede
2632 3984 348 140 andere
3032 3984 392 140 Störung
3460 3984 164 140 der
3680 3984 584 140 öffentlichen

679 4150 434 143 Ordnung
1113 4171 28 123 .

936 4324 180 140 Der
1172 4324 412 140 Verkauf
1624 4324 432 140 geistiger
2100 4324 452 140 Getränke
2608 4324 116 140 an
2784 4324 760 140 Meldepflichtige
3600 4324 152 140 am
3815 4324 453 140 Kontroll

679 4511 205 120 tage
927 4510 165 120 vor
1141 4509 181 120 und
1371 4506 443 122 während
1859 4505 169 121 der
2059 4503 473 122 Kontrolle
2575 4502 115 120 ist
2737 4500 445 122 verboten
3187 4500 27 120 ,

915 4671 265 140 Jeder
1215 4667 881 143 Kontrollpflichtige
2131 4666 153 141 hat
2319 4665 145 141 bei
2499 4665 169 140 der
2703 4663 469 141 Kontrolle
3211 4662 177 140 den
3427 4659 837 143 Personalausweis

687 4828 177 129 und
907 4830 145 129 die
1107 4832 557 132 Meldekarte
1711 4837 605 135 vorzuzeigen
2318 4843 25 128 .

920 5012 704 132 Schuldhaftes
1700 5012 888 132 Nichterscheinen
2652 5012 188 132 zur
2888 5012 516 132 Kontrolle
3476 5012 268 132 wird
3796 5012 446 132 bestraft
4233 5012 32 132 .

920 5216 160 132 Die
1132 5216 936 132 Kontrollpflichtigen
2156 5216 296 132 haben
2508 5216 204 132 eine
2768 5216 672 132 Viertelstunde
3500 5216 168 132 vor
3724 5216 164 132 der
3957 5216 311 132 festge

688 5388 340 112 setzten
1072 5388 188 112 Zeit
1304 5388 496 112 anwesend
1840 5388 112 112 zu
1996 5388 192 112 sein
2196 5388 24 112 .

5022 1448 138 126 Op

6642 1436 362 138 hebben
7050 1442 113 134 de
7231 1444 1108 151 controolvergaderingen

4787 1612 289 135 plaats
5131 1616 165 133 der
5339 1618 89 133 in
5475 1619 113 134 de
5647 1621 481 137 gemeente

7908 1624 448 108 wonende

4784 1784 552 136 mannelijke
5412 1784 314 136 Belgen
5746 1784 34 136 ,
5820 1784 292 136 welke
6164 1784 88 136 in
6300 1784 112 136 de
6480 1784 264 136 jaren
6812 1784 240 136 1885
7100 1784 128 136 tot
7260 1784 112 136 en
7424 1784 180 136 met
7664 1784 236 136 1898
7948 1784 404 136 geboren

4785 1952 170 134 zijn
4956 1952 36 134 ,
5039 1953 167 134 der
5241 1953 259 135 leden
5537 1954 167 135 der
5743 1955 559 136 voormalige
6339 1957 661 138 burgerwacht
6977 1960 35 134 ,
7033 1960 165 135 der
7237 1961 85 134 in
7361 1962 185 134 hun
7587 1962 201 135 land
7827 1963 529 136 ontslagene

4779 2104 133 148 tot
4979 2105 177 148 den
5203 2106 293 149 dienst
5559 2108 621 151 onbruikbare
6259 2112 569 151 vijandelijke
6919 2115 379 151 soldaten
7379 2118 113 149 en
7555 2119 161 149 der
7783 2120 569 152 vijandelijke

4799 2298 722 128 vreemdelingen

5023 2456 133 129 De
5227 2457 413 132 controol
5731 2462 469 132 geschiedt
6283 2467 85 128 in

5745 2642 103 112 om
6246 2642 242 142 uren
6538 2642 22 142 '
6568 2642 42 142 s
6648 2642 490 142 morgends
7174 2642 39 142 (
7209 2642 417 142 duitsche
7648 2642 136 142 tijd
7812 2642 34 142 )
7828 2642 34 142 .

5024 2804 132 128 De
5224 2804 384 128 bevelen
5672 2804 116 128 en
5840 2804 596 128 schikkingen
6496 2804 164 128 der
6712 2804 412 128 wachten
7185 2804 93 128 en
7356 2804 164 128 der
7592 2804 116 128 bij
7756 2804 108 128 de
7928 2804 432 128 controol

4788 2968 604 144 vergadering
5440 2968 472 144 aanwezig
5972 2968 296 144 zijnde
6328 2968 460 144 belgische
6844 2968 333 144 politie-
7224 2968 96 144 of
7376 2968 976 144 gemeentebeambten

4782 3140 176 138 zijn
5006 3140 214 138 stipt
5272 3140 90 138 te
5428 3140 324 138 volgen
5762 3140 22 138 .
5838 3140 152 138 De
6036 3140 473 138 militairen
6520 3140 36 138 ,
6622 3140 142 138 die
6830 3140 224 138 over
7120 3140 112 138 de
7298 3140 412 138 controol
7776 3140 332 138 waken
8120 3140 18 138 ,
8186 3140 168 138 zijn

4783 3317 613 138 aangewezen
5447 3315 457 138 desnoods
5964 3314 152 137 van
6183 3313 305 137 hunne
6527 3311 377 137 wapens
6943 3309 381 138 gebruik
7387 3309 85 136 te
7511 3307 314 137 maken
7842 3307 27 136 .

5024 3480 132 148 De
5244 3480 456 148 personen
5772 3480 144 148 die
5984 3480 120 148 op
6193 3480 110 148 de
6368 3480 412 148 controol
6860 3480 364 148 moeten
7288 3480 472 148 aanwezig
7820 3480 176 148 zijn
7994 3480 34 148 ,
8100 3480 256 148 staan

4784 3652 204 136 dien
5040 3652 172 136 dag
5248 3652 292 136 onder
5584 3652 112 136 de
5744 3652 408 136 duitsche
6200 3652 478 136 krijgswet
6663 3652 34 136 .

5024 3824 140 136 Op
5216 3824 116 136 de
5396 3824 1032 136 controolvergadering
6492 3824 72 136 is
6632 3824 156 136 het
6872 3824 348 136 rooken
7312 3824 100 136 en
7512 3824 152 136 het
7756 3824 336 136 dragen
8184 3824 172 136 van

4788 3992 564 148 kenteekens
5412 3992 468 148 verboden
5888 3992 28 148 ,
5960 3992 312 148 alsook
6332 3992 204 148 elke
6600 3992 340 148 andere
6984 3992 344 148 storing
7386 3992 145 148 der
7580 3992 468 148 openbare
8104 3992 233 148 orde
8330 3992 26 148 .

5024 4152 132 148 De
5196 4152 412 148 verkoop
5668 4152 172 148 van
5888 4152 492 148 geestrijke
6444 4152 416 148 dranken
6928 4152 164 148 aan
7156 4152 724 148 meldeplichtige
7912 4152 76 148 is
8020 4152 120 148 op
8184 4152 168 148 den

4783 4334 593 133 controoldag
5419 4331 233 130 voor
5679 4329 117 130 en
5839 4328 113 129 na
5991 4326 117 130 de
6151 4322 413 132 controol
6623 4317 461 133 verboden
7092 4317 29 128 .

5027 4507 265 140 leder
5323 4502 849 145 controolplichtige
6231 4501 245 141 moet
6523 4501 117 140 op
6695 4500 113 140 de
6863 4497 402 143 controol
7307 4496 425 142 voorzien
7787 4494 173 142 zijn
7999 4494 169 141 van
8207 4494 149 140 het

4783 4666 1061 142 eenzelvigheidsbewijs
5896 4666 101 136 en
6043 4665 113 136 de
6203 4661 724 140 meldingskaart
6911 4661 34 136 .

5042 4852 678 148 Afwezigheid
5858 4852 134 144 op
6116 4851 133 144 de
6351 4844 1121 150 controolvergadering
7479 4845 44 144 ,
7607 4843 377 145 zonder
8095 4842 242 144 rede
8328 4841 28 144 ,
8340 4844 29 157 ,

4782 5064 338 140 wordt
5194 5069 427 141 gestraft
5619 5074 41 136 .

5023 5273 137 140 De
5225 5269 911 144 controolplichtigen
6213 5267 361 141 moeten
6641 5266 173 140 een
6879 5264 353 141 kwaart
7299 5263 221 141 uur's
7595 5262 223 140 voor
7893 5261 179 140 den
8145 5259 196 141 vast

4788 5428 472 140 gestelden
5324 5428 152 140 tijd
5528 5428 476 140 aanwezig
6052 5428 168 140 zijn
6220 5428 36 140 .

927 5875 550 153 Antwerpen
1477 5875 41 141 ,
1551 5870 179 144 den

2701 5887 168 96 191

5027 5903 546 132 Antwerpen
5583 5903 37 128 ,
5655 5902 177 129 den

6803 5900 169 100 191

1808 6248 752 168 Kaiserlich
2656 6248 736 168 Deutsches
3488 6248 760 168 Meldeamt
4219 6248 45 168 .

6067 6260 742 200 Keizerlijk
6899 6253 590 198 Deutsch
7583 6246 726 198 Meldeamt
8315 6245 34 192 .

2624 6452 405 92 Antwerpen
3040 6452 24 92 -
3081 6452 260 92 Festung
3349 6452 24 92 .

6847 6473 409 92 Antwerpen
7261 6473 25 90 -
7291 6471 265 92 Vesting
7561 6471 17 90 .

699 6659 245 73 Druckerei
975 6664 159 70 KARL
1165 6667 196 70 BROEL
1363 6670 18 68 ,
1411 6670 280 73 Antwerpen
1696 6674 17 68 .
