9246 6590
381 208 2476 688 BEKANNTMACHUNG
3398 208 2621 688 KENNISGEVING
6557 208 2265 688 AVIS

422 1088 129 162 Es
606 1090 290 164 wird
926 1094 394 165 erneut
1374 1100 402 165 darauf
1822 1106 751 170 hingewiesen
2587 1116 45 161 ,
2662 1117 266 163 dass

267 1224 79 170 in
459 1229 220 173 den
771 1237 108 169 in
971 1241 548 181 deutsche
1619 1257 739 186 Verwaltung
2472 1277 346 176 genom

248 1412 407 190 menen
689 1418 386 190 Teilen
1113 1424 518 192 Belgiens
1676 1433 223 187 von
1945 1437 258 188 dem
2240 1441 680 193 Zeitpunkte

246 1580 206 187 der
522 1583 674 194 Einsetzung
1262 1593 377 190 dieser
1710 1599 733 194 Verwaltung
2486 1609 158 187 ab
2705 1612 218 188 nur

241 1744 183 190 die
448 1747 879 201 Anordnungen
1373 1760 203 191 des
1625 1764 1302 208 Generalgouverneurs

245 1896 180 171 und
500 1901 196 171 der
728 1905 196 172 ihm
1010 1910 761 182 unterstellten
1828 1924 571 179 Behörden
2428 1936 491 177 Geltung

243 2084 342 141 haben
602 2086 38 140 .

406 2240 218 170 Seit
699 2243 364 173 diesem
1150 2249 674 176 Zeitpunkte
1870 2257 426 174 bereits
2334 2263 586 176 erlassene

258 2392 259 181 oder
599 2398 292 181 noch
997 2405 651 188 ergehende
1724 2418 899 193 Verordnungen
2708 2436 211 180 des

238 2578 457 182 Königs
778 2583 208 181 der
1051 2585 464 184 Belgier
1630 2592 231 180 und
1942 2595 209 180 der
2261 2598 652 185 bisherigen

248 2727 621 191 belgischen
933 2735 498 188 Minister
1478 2740 361 188 haben
1902 2744 153 186 im
2118 2746 546 190 Bereiche
2693 2752 226 186 der

236 2903 624 198 deutschen
913 2914 743 200 Verwaltung
1701 2926 110 190 in
1861 2929 454 194 Belgien
2369 2936 543 196 keinerlei

246 3071 1004 179 Rechtsgültigkeit
1231 3082 50 168 .
1385 3083 151 169 Ich
1590 3085 426 173 werde
2062 3090 177 170 es
2334 3093 195 170 mit
2616 3096 280 170 allen

237 3228 223 172 mir
485 3232 766 181 zustehenden
1280 3245 803 183 Machtmitteln
2117 3260 734 182 durchsetzen
2870 3273 45 169 ,

238 3400 274 170 dass
558 3403 178 169 die
798 3406 1137 179 Regierungsgewalt
1990 3417 922 179 ausschliesslich

258 3560 193 179 von
509 3564 219 179 den
781 3568 106 177 in
952 3570 432 183 Belgien
1468 3578 764 187 eingesetzten
2285 3590 626 185 deutschen

243 3720 596 196 Behörden
924 3734 563 196 ausgeübt
1587 3748 273 190 wird
1860 3754 59 185 .
2036 3757 161 187 Ich
2307 3763 323 191 muss
2750 3772 110 186 er

241 3900 299 183 warten
545 3904 182 182 ,
778 3907 265 183 dass
1085 3910 235 184 sich
1410 3915 181 182 die
1646 3918 646 189 belgischen
2362 3927 549 188 Beamten

252 4056 77 154 in
409 4058 1129 172 wohlverstandenem
1636 4078 555 163 Interesse
2236 4089 211 156 des
2476 4093 443 160 Landes

241 4228 210 183 der
505 4232 747 190 Fortsetzung
1293 4243 318 184 ihrer
1653 4247 567 189 Tätigkeit
2272 4257 315 184 nicht
2668 4262 247 183 ent

247 4390 386 173 ziehen
645 4395 30 168 ,
746 4397 370 173 zumal
1183 4403 182 171 ich
1429 4406 254 172 eine
1765 4411 806 180 unmittelbare
2664 4424 217 171 För

245 4552 443 182 derung
757 4559 619 185 deutscher
1469 4569 1066 192 Heeresinteressen
2612 4586 307 180 nicht

248 4720 608 160 verlangen
913 4720 400 160 werde

408 4876 521 186 Gehälter
931 4890 52 173 ,
1063 4893 188 177 die
1323 4900 300 180 ohne
1695 4910 436 183 Wissen
2219 4923 232 178 und
2555 4932 368 181 gegen

243 5032 228 173 den
523 5039 378 179 Willen
963 5051 212 173 der
1222 5057 598 185 deutschen
1891 5075 748 189 Verwaltung
2699 5097 228 174 von

266 5208 611 186 bisherigen
976 5219 651 187 belgischen
1724 5231 603 185 Behörden
2442 5242 129 178 an
2692 5246 227 179 bel

249 5376 391 187 gische
681 5384 470 189 Beamte
1172 5394 443 188 gezahlt
1665 5403 468 189 werden
2137 5412 42 181 ,
2220 5413 687 194 unterliegen

254 5536 198 173 der
508 5542 982 192 Beschlagnahme
1466 5565 54 169 .

3468 1108 152 192 Er
3664 1108 384 192 wordt
4096 1108 540 192 opnieuw
4664 1108 152 192 op
4860 1108 548 192 gewezen
5404 1108 40 192 ,
5476 1108 192 192 dat
5712 1108 108 192 in
5852 1108 144 192 de

3303 1264 365 202 onder
3718 1266 442 204 Duitsch
4219 1270 489 203 Bestuur
4726 1274 621 204 gebrachte
5395 1278 597 204 gedeelten

3303 1439 217 184 van
3583 1436 385 186 België
4015 1435 217 185 van
4295 1434 113 185 af
4455 1433 193 185 het
4696 1430 432 187 tijdstip
5167 1430 209 185 der
5391 1426 602 188 instelling

3304 1600 216 176 van
3560 1600 168 176 dit
3768 1600 480 176 bestuur
4285 1600 353 176 alleen
4672 1600 144 176 de
4857 1600 868 176 beschikkingen
5776 1600 208 176 van

3302 1776 218 178 den
3576 1776 596 178 Generaal
4254 1776 738 178 gouverneur
5090 1776 140 178 en
5330 1776 250 178 der
5626 1776 364 178 onder

3294 1942 221 177 hem
3591 1937 641 181 geplaatste
4263 1934 538 179 besturen
4839 1929 633 181 geldigheid
5511 1926 431 179 hebben
5946 1926 39 176 .

3469 2080 191 198 De
3702 2082 389 201 sedert
4158 2088 161 197 dit
4385 2090 430 201 tijdstip
4838 2095 370 200 reeds
5249 2100 566 203 genomen
5873 2107 119 197 of

3303 2278 226 177 nog
3597 2275 191 178 van
3860 2273 193 177 den
4120 2268 442 180 Koning
4622 2265 201 178 der
4907 2260 402 181 Belgen
5391 2260 107 176 en
5567 2256 210 179 van
5847 2254 146 178 de

3304 2424 472 176 huidige
3888 2424 664 176 Belgische
4624 2424 600 176 ministers
5352 2424 640 176 uitgaande

3299 2595 921 188 beschikkingen
4291 2592 457 186 hebben
4811 2590 429 186 binnen
5315 2588 212 186 het
5574 2586 414 186 bereik

3304 2760 224 176 van
3600 2760 192 176 het
3859 2760 442 176 Duitsch
4384 2760 504 176 Bestuur
4936 2760 104 176 in
5112 2760 392 176 België
5582 2760 418 176 hoege

3308 2942 437 169 naamd
3795 2939 365 170 geene
4227 2935 835 172 rechtskracht
5049 2935 39 168 .
5171 2934 121 168 Ik
5346 2933 218 168 zal
5571 2932 133 168 er
5755 2930 237 169 met

3296 3096 112 168 al
3536 3096 144 168 de
3784 3096 176 168 ter
4056 3096 416 168 mijner
4608 3096 768 168 beschikking
5488 3096 504 168 staande

3739 3098 54 176 '

3288 3257 979 167 machtmiddelen
4335 3257 145 161 de
4527 3255 307 162 hand
4894 3254 206 160 aan
5176 3251 444 162 houden
5631 3250 49 160 ,
5783 3248 194 161 dat

3296 3424 152 152 de
3520 3424 944 152 bestuursmacht
4529 3424 687 152 uitsluitend
5302 3424 288 152 door
5662 3424 147 152 de
5872 3424 112 152 in

3314 3596 364 172 België
3794 3587 753 176 aangestelde
4663 3581 554 174 Duitsche
5314 3574 663 174 overheden

3290 3764 744 172 uitgeoefend
4135 3762 410 170 wordt
4523 3762 37 168 .
4639 3761 121 168 Ik
4807 3759 348 170 moet
5191 3756 729 171 verwachten
5940 3756 44 168 ,

3301 3939 206 170 dat
3565 3938 147 170 de
3757 3934 607 173 Belgische
4413 3931 629 173 beambten
5097 3930 115 170 in
5289 3928 197 171 het
5557 3925 434 174 welbe

3305 4099 425 189 grepen
3800 4094 425 189 belang
4282 4092 207 186 van
4546 4089 213 187 het
4799 4086 278 187 land
5069 4086 45 184 ,
5168 4083 241 187 zich
5474 4080 215 187 aan
5739 4077 237 187 hun

3304 4268 500 148 verdere
3864 4268 1068 148 werkzaamheden
5008 4268 240 148 niet
5300 4268 380 148 zullen
5737 4268 243 148 ont

3300 4428 500 178 trekken
3814 4428 28 178 ,
3935 4428 166 178 om
4220 4428 550 178 zoomeer
4870 4428 120 178 ik
5108 4428 366 178 geene
5617 4428 377 178 recht

3304 4584 688 176 streeksche
4136 4584 792 176 bevordering
5075 4584 194 176 der
5440 4584 552 176 Duitsche

3307 4751 899 196 legerbelangen
4255 4743 479 191 eischen
4780 4741 174 186 zal
4972 4740 27 184 .

3471 4916 887 179 Bezoldigingen
4355 4916 53 176 ,
4503 4915 185 177 die
4797 4913 368 178 buiten
5303 4911 400 178 weten
5853 4910 126 177 en

3306 5098 337 165 tegen
3746 5097 212 164 den
4059 5095 197 165 wil
4339 5094 229 165 van
4647 5093 193 164 het
4918 5090 465 166 Duitsch
5503 5087 492 167 Bestuur

3308 5256 300 180 door
3660 5256 724 180 voormalige
4452 5256 604 180 Belgische
5128 5256 556 180 besturen
5764 5256 224 180 aan

3323 5416 590 168 Belgische
3995 5416 627 168 beambten
4704 5416 672 168 uitbetaald
5464 5416 476 168 worden
5953 5416 40 168 ,

3308 5588 492 176 worden
3879 5588 570 176 verbeurd
4500 5588 626 176 verklaard
5134 5588 38 176 .

6535 1078 92 193 Il
6696 1073 195 195 est
6903 1063 492 201 rappelé
7423 1058 236 197 que
7703 1052 284 198 dans
8039 1049 164 195 les
8247 1039 452 201 parties
8735 1036 180 195 de
8919 1033 116 194 la

6371 1244 556 200 Belgique
6971 1231 588 200 soumises
7576 1228 180 191 au
7830 1207 905 207 gouvernement
8762 1201 281 195 alle

6364 1418 365 184 mand
6790 1414 117 179 et
6949 1406 422 184 depuis
7417 1403 111 177 le
7569 1396 278 181 jour
7901 1392 144 179 de
8113 1376 730 190 l'institution
8889 1372 144 179 de

6368 1595 140 180 ce
6548 1565 961 205 gouvernement
7471 1566 53 177 ,
7570 1553 386 188 seules
7999 1547 165 181 les
8207 1522 829 200 ordonnances

6386 1748 137 187 du
6551 1731 756 201 gouverneur
7343 1720 492 195 général
7864 1718 99 185 et
7999 1712 204 189 des
8231 1700 580 196 autorités
8831 1695 196 188 qui

6375 1911 155 168 lui
6563 1905 312 170 sont
6940 1885 903 183 subordonnées
7818 1885 48 165 ,
7927 1880 199 168 ont
8227 1871 323 171 force
8627 1867 151 167 de
8851 1863 143 166 loi
9007 1862 23 164 .

6535 2153 219 186 Les
6840 2148 465 189 arrêtés
7391 2146 258 186 pris
7759 2142 406 187 depuis
8251 2139 154 186 ce
8515 2137 270 186 jour
8883 2134 146 185 ou

6368 2327 443 192 encore
6855 2325 59 185 à
6975 2315 516 193 prendre
7543 2310 219 188 par
7826 2307 71 186 le
7959 2304 195 187 Roi
8207 2298 211 188 des
8471 2290 411 191 Belges
8919 2288 107 185 et

6375 2477 171 170 les
6591 2471 602 174 ministres
7240 2467 394 172 belges
7687 2463 298 171 n'ont
8040 2457 458 173 aucune
8543 2454 322 171 force
8895 2453 138 169 de

6375 2647 145 160 loi
6615 2644 297 162 dans
7023 2643 105 160 le
7238 2637 549 165 domaine
7879 2636 147 161 du
8111 2629 929 166 gouvernement

6367 2819 596 196 allemand
7031 2814 148 187 en
7247 2802 556 195 Belgique
7815 2801 28 184 .
7943 2796 132 186 Je
8120 2788 291 191 suis
8495 2778 412 193 décidé
8959 2776 68 185 à

6367 2986 474 189 obtenir
6888 2983 218 186 par
7151 2979 274 187 tous
7464 2976 193 187 les
7720 2970 474 190 moyens
8265 2969 57 185 à
8407 2966 194 186 ma
8663 2961 387 189 dispo

6367 3154 341 206 sition
6704 3153 58 201 ,
6783 3149 235 204 que
7055 3147 172 202 les
7271 3137 563 209 pouvoirs
7872 3119 1162 218 gouvernementaux

6381 3315 392 180 soient
6831 3309 546 181 exercés
7525 3297 905 187 exclusivement
8527 3294 226 179 par
8871 3291 170 178 les

6371 3489 583 163 autorités
7039 3475 731 165 allemandes
7871 3462 607 163 instituées
8581 3459 117 154 en
8820 3453 197 156 Bel

6367 3656 360 183 gique
6710 3655 54 177 .
6807 3642 572 188 J'attends
7431 3636 212 181 des
7695 3616 908 196 fonctionnaires
8639 3607 404 185 belges

6371 3823 243 188 que
6585 3823 58 185 ,
6703 3817 303 189 dans
7055 3808 499 193 l'intérêt
7627 3803 259 188 bien
7936 3794 519 193 compris
8499 3791 156 187 du
8711 3785 282 189 pays
8976 3785 58 185 ,

6375 3996 148 191 ils
6567 3991 164 192 ne
6759 3988 136 191 se
6939 3972 671 203 refuseront
7675 3966 208 193 pas
7939 3964 72 189 à
8052 3949 631 202 continuer
8714 3941 325 195 leurs

6375 4145 600 190 fonctions
6954 4144 49 177 ,
7079 4131 460 186 surtout
7640 4122 227 182 que
7951 4117 108 179 je
8127 4112 148 180 ne
8335 4094 700 192 réclamerai

6375 4322 220 173 pas
6615 4313 348 176 d'eux
6991 4306 212 173 des
7223 4292 524 181 services
7792 4284 291 175 dans
8135 4270 484 181 l'intérêt
8663 4259 380 178 direct

6375 4477 147 154 de
6575 4469 474 160 l'armée
7111 4459 658 162 allemande
7754 4459 40 153 .

6543 4739 219 180 Les
6808 4723 746 191 traitements
7599 4719 195 179 qui
7855 4716 67 177 à
7975 4709 323 182 l'insu
8343 4705 155 179 ou
8543 4694 499 186 contrai

6383 4908 458 175 rement
6927 4906 66 169 à
7079 4904 111 169 la
7287 4895 463 175 volonté
7863 4891 146 171 du
8115 4876 926 182 gouvernement

6375 5068 587 200 allemand
6992 5059 435 197 seront
7479 5052 355 195 payés
7888 5047 223 192 par
8128 5043 219 192 les
8379 5030 659 200 anciennes

6379 5232 575 183 autorités
6995 5225 403 179 belges
7419 5220 252 176 aux
7695 5202 919 189 fonctionnaires
8651 5195 387 179 belges

6375 5407 261 176 sont
6695 5388 582 186 passibles
7311 5383 157 172 de
7511 5360 738 190 confiscation
8257 5359 43 169 .

6647 5707 367 92 Bruxelles
7021 5706 23 88 ,
7071 5704 69 90 le
7175 5703 49 89 4
7243 5699 293 93 janvier
7567 5696 185 91 1915
7760 5696 17 88 .

471 5762 309 94 Brüssel
767 5766 25 90 ,
823 5767 143 92 den
997 5769 70 91 4.
1099 5770 283 94 Januar
1419 5775 191 93 1915
1614 5777 19 90 .

1234 5894 156 112 Der
1433 5899 327 118 General
1764 5909 26 109 -
1782 5909 485 122 Gouverneur
2302 5924 85 110 in
2414 5927 298 117 Belgien
2715 5936 32 109 ,

1372 6003 452 149 Freiherr
1871 6017 212 142 von
2131 6024 457 148 BISSING
2587 6037 32 137 ,

1769 6155 450 76 Generaloberst
2213 6163 19 68 .

3574 5808 300 86 Brussel
3871 5808 23 86 ,
3928 5808 142 86 den
4102 5808 46 86 4
4154 5808 22 86 "
4208 5808 308 86 Januari
4552 5808 192 86 1915
4750 5808 20 86 .

4303 5932 113 113 De
4463 5933 485 116 Gouverneur
4991 5938 373 115 Generaal
5415 5941 81 113 in
5569 5942 233 115 België
5821 5945 19 112 ,

4475 6050 445 133 Vrijheer
4995 6049 209 132 VON
5247 6046 422 135 BISSING
5687 6047 38 132 ,

4838 6182 510 70 Generaaloversie
5350 6182 16 70 .

7377 5916 99 109 Le
7513 5908 468 116 Gouverneur
8018 5902 319 114 Général
8365 5901 92 110 en
8503 5895 348 113 Belgique
8835 5895 30 108 ,

7575 6016 307 129 Baron
7972 6009 207 127 VON
8231 5998 452 132 BISSING
8685 5997 25 123 ,

7849 6138 239 75 Colonel
8133 6132 246 75 Général
8387 6131 14 70 .

789 6242 113 45 18991
902 6243 60 44 .--
985 6244 143 45 Brüssel
1131 6246 7 44 .
1157 6246 45 45 -
1225 6248 191 54 Druckerei
1431 6252 73 52 und
1520 6254 246 56 Lithographie
1784 6259 38 52 E.
1844 6261 116 53 Guyot
1962 6263 8 51 ,
1989 6263 288 58 Pachecostrasse
2276 6270 13 51 ,
2308 6270 44 52 12
2356 6272 8 51 .

7114 6264 182 42 Bruxelles
7298 6266 10 40 ,

4029 6287 141 41 Brussel
4177 6288 6 40 .

4262 6286 108 51 Boek-
4387 6286 43 51 en
4447 6286 279 51 steendrukkerij
4748 6286 45 51 E.
4811 6286 115 51 Guyot
4929 6286 9 51 ,
4959 6286 269 51 Pachecostraat
5223 6286 13 51 ,
5257 6286 42 51 12
5303 6286 9 51 .

7393 6265 79 54 Typ
7473 6265 8 51 .
7505 6262 33 53 et
7552 6253 228 61 lithographie
7798 6252 37 52 E.
7856 6246 121 56 Guyot
7970 6247 14 51 ,
8001 6243 61 54 rne
8079 6236 153 58 Pachéco
8231 6237 15 51 ,
8267 6234 45 53 12
8315 6234 7 51 .
