7228 9467
648 456 1664 520 VERORDNUNG

2784 432 1760 528 VERORDENING

5024 432 1696 560 ARRÊTÉ

1239 1094 489 85 betreffend

3436 1092 488 80 betreffend

5627 1104 549 83 concernant

447 1286 154 330 die
687 1281 538 333 Errichtung
1311 1279 258 330 einer
1639 1272 850 335 Vorschusskasse
2568 1270 282 330 het
2920 1266 458 331 oprichten
3464 1264 154 329 van
3704 1262 218 329 eene
4007 1256 667 333 Voorschotkas

664 1632 200 272 beim
928 1632 808 272 Generalgouverneur
1800 1632 72 272 in
1944 1632 338 272 Belgien

2204 1632 76 272 .
2848 1632 113 272 bij
2992 1632 144 272 den
3200 1632 864 272 Generaalgouverneur
4128 1632 72 272 in
4264 1632 288 272 België

4255 1640 300 271 .

5106 1300 74 224 la
5226 1300 350 227 création
5630 1303 218 225 d'une
5914 1305 286 226 Caisse
6246 1307 438 228 d'Avances

4844 1632 211 275 près
5125 1635 82 274 le
5277 1637 546 279 Gouverneur
5901 1645 363 277 Général
6340 1651 107 273 en
6517 1653 410 277 Belgique
6932 1658 27 272 .

6339 1710 50 169 B

6226 3158 32 54 )

528 2291 160 109 Art
690 2291 22 108 .
767 2290 77 108 1.
935 2289 169 108 Der
1167 2285 661 111 Bankabteilung
1871 2283 209 109 beim
2118 2280 411 111 General-
2736 2288 159 104 Art
2899 2288 21 104 .
2976 2288 76 104 1.
3120 2288 176 104 Aan
3340 2288 100 104 de
3476 2288 632 104 bankafdeeling
4136 2288 104 104 bij
4276 2288 156 104 den
4459 2288 277 104 Gene-
4943 2280 164 113 Art
5110 2281 22 112 .
5187 2282 107 113 1er
5291 2283 22 112 .
5375 2284 73 113 Il
5483 2285 125 113 est
5651 2287 329 115 attaché
6023 2291 101 114 au
6167 2293 593 118 Département
6799 2300 149 113 des

420 2388 524 120 gouverneur
1004 2388 84 120 in
1140 2388 340 120 Belgien
1527 2388 211 120 wird
1810 2388 173 120 eine
2020 2388 504 120 Vorschuss-
2628 2388 704 120 raalgouverneur
3404 2388 84 120 in
3544 2388 284 120 België
3892 2388 272 120 wordt
4241 2388 202 120 eene
4501 2388 249 120 Voor-
4836 2388 392 120 Banques
5316 2388 192 120 près
5596 2388 80 120 le
5756 2388 568 120 Gouverneur
6388 2388 360 120 Général
6836 2388 108 120 en

420 2488 244 124 kasse
736 2488 144 124 mit
952 2488 188 124 dem
1212 2488 168 124 Sitz
1456 2488 76 124 in
1600 2488 340 124 Brüssel
2016 2488 248 124 unter
2336 2488 188 124 dem
2628 2488 384 124 schotkas
3052 2488 168 124 met
3256 2488 336 124 Brussel
3642 2488 124 124 tot
3784 2488 473 124 zetelplaats
4293 2488 248 124 onder
4577 2488 159 124 den
4840 2488 396 124 Belgique
5312 2488 164 124 une
5568 2488 276 124 Caisse
5928 2488 472 124 d'Avances
6464 2488 252 124 ayant
6792 2488 152 124 son

416 2607 319 92 Namen
811 2617 22 84 :
919 2609 33 90 (
1023 2603 707 96 Vorschusskasse
1813 2599 217 93 beim
2115 2595 408 94 General-
2628 2604 244 108 naam
2908 2604 164 108 van
3120 2604 16 108 :
3196 2604 32 108 «
3293 2604 612 108 Voorschotkas
3936 2604 120 108 bij
4084 2604 156 108 den
4280 2604 456 108 Generaal-
4840 2604 220 108 siège
5140 2604 52 108 à
5248 2604 429 108 Bruxelles
5677 2604 27 108 ,
5768 2604 188 108 sous
6020 2604 80 108 la
6168 2604 604 108 dénomination
6836 2604 108 108 de

416 2696 524 128 gouverneur
988 2696 80 128 in
1104 2696 340 128 Belgien
1496 2696 32 128 »
1580 2696 560 128 angegliedert
2184 2696 108 128 zu
2336 2696 188 128 dem
2636 2696 520 128 gouverneur
3194 2696 71 128 in
3328 2696 284 128 België
3656 2696 32 128 »
3770 2696 503 128 toegevoegd
4279 2696 38 128 ,
4364 2696 168 128 met
4592 2696 144 128 het
4847 2700 33 104 «
4955 2700 281 106 Caisse
5339 2703 473 107 d'Avances
5911 2707 189 105 près
6211 2709 73 104 le
6391 2710 557 108 Gouverneur

418 2804 366 126 Zwecke
790 2804 22 126 ,
882 2804 514 126 Vorschüsse
1483 2804 144 126 auf
1686 2804 274 126 solche
2038 2804 482 126 Empfangs-
2624 2804 194 126 doel
2821 2804 37 126 ,
2895 2804 558 126 voorschotten
3484 2804 100 126 te
3630 2804 446 126 verleenen
4126 2804 102 126 op
4266 2804 470 126 ontvangst-
4838 2804 368 126 Général
5244 2804 106 126 en
5386 2804 396 126 Belgique
5833 2804 37 126 »
5883 2804 37 126 ,
5957 2804 142 126 qui
6138 2804 206 126 aura
6386 2804 208 126 pour
6630 2804 146 126 but
6840 2804 106 126 de

420 2908 328 120 scheine
792 2908 144 120 zu
1016 2908 442 120 gewähren
1474 2908 30 120 ,
1584 2908 132 120 die
1810 2908 137 120 für
2028 2908 492 120 requirierte
2624 2908 393 120 bewijzen
3026 2908 34 120 ,
3156 2908 132 120 die
3368 2908 204 120 voor
3668 2908 536 120 opgeëischte
4276 2908 460 120 massagoe-
4836 2908 208 120 faire
5092 2908 144 120 des
5293 2908 357 120 avances
5710 2908 137 120 sur
5880 2908 120 120 les
6040 2908 204 120 bons
6289 2908 110 120 de
6437 2908 514 120 requisitions

415 3023 569 120 Massengüter
1016 3014 474 120 ausgestellt
1527 3008 346 118 worden
1912 3005 170 115 sind
2093 3005 24 112 .

2623 3016 256 113 deren
2915 3017 469 115 afgeleverd
3423 3020 157 113 zijn
3619 3021 434 114 geworden
4072 3024 29 112 .

4840 3020 312 108 donnés
5216 3020 104 108 en
5376 3020 368 108 échange
5808 3020 144 108 des
6004 3020 612 108 marchandises
6691 3020 249 108 consi

4839 3116 293 114 dérées
5167 3118 321 115 comme
5535 3121 33 112 «
5614 3121 565 117 Massengüter
6223 3126 37 112 »
6274 3127 21 112 .

519 3275 152 92 Art
683 3275 16 92 .
747 3274 84 92 2.
903 3273 144 92 Die
1091 3269 700 95 Vorschusskasse
1839 3268 212 92 wird
2087 3267 160 92 von
2287 3265 228 93 einer
2724 3268 160 116 Art
2892 3268 20 116 .
2956 3268 88 116 2.
3104 3268 128 116 De
3260 3268 620 116 Voorschotkas
3900 3268 216 116 staat
4140 3268 260 116 onder
4436 3268 300 116 leiding
4943 3264 161 109 Art
5110 3265 22 108 .
5175 3265 88 109 2.
5323 3267 125 109 La
5511 3268 281 110 Caisse
5867 3271 473 112 d'Avances
6407 3276 185 109 sera
6635 3278 309 110 dirigée

411 3383 149 108 aus
603 3378 497 112 mindestens
1155 3376 173 110 drei
1383 3372 513 112 Mitgliedern
1955 3368 557 112 bestehenden
2620 3380 156 116 van
2844 3380 156 116 een
3070 3380 331 116 bestuur
3456 3380 596 116 samengesteld
4104 3380 120 116 uit
4260 3380 148 116 ten
4436 3380 296 116 minste
4836 3380 156 116 par
5028 3380 112 116 un
5180 3380 324 116 Conseil
5532 3380 104 116 de
5664 3380 420 116 Direction
6124 3380 184 116 sous
6348 3380 80 116 la
6460 3380 484 116 présidence

408 3476 436 120 Direktion
880 3476 244 120 unter
1161 3476 153 120 dem
1401 3476 304 120 Vorsitz
1740 3476 144 120 des
1920 3476 596 120 Generalkom-
2620 3476 176 120 drie
2832 3476 229 120 leden
3075 3476 26 120 ,
3136 3476 260 120 onder
3432 3476 696 120 voorzitterschap
4164 3476 160 120 van
4364 3476 160 120 den
4564 3476 168 120 Ge-
4836 3476 108 120 du
5020 3476 576 120 Commissaire
5688 3476 360 120 Général
6140 3476 140 120 des
6356 3476 384 120 Banques
6832 3476 108 120 en

408 3576 348 136 missars
805 3576 139 136 für
1000 3576 128 136 die
1160 3576 380 136 Banken
1604 3576 84 136 in
1761 3576 318 136 Belgien
2160 3576 327 136 geleitet
2490 3576 40 136 .
2620 3576 844 136 neraalkommissaris
3512 3576 224 136 voor
3764 3576 100 136 de
3924 3576 324 136 banken
4307 3576 50 136 in
4427 3576 276 136 België
4708 3576 40 136 .
4836 3576 400 136 Belgique
5227 3576 33 136 .
5304 3576 120 136 Ce
5452 3576 324 136 Conseil
5808 3576 100 136 de
5936 3576 420 136 Direction
6392 3576 552 136 comprendra

408 3688 176 112 Der
656 3688 432 112 Direktion
1156 3688 104 112 ist
1332 3688 132 112 ein
1536 3688 148 112 aus
1756 3688 184 112 fünf
1994 3688 512 112 Mitgliedern
2616 3688 188 112 Aan
2868 3688 144 112 het
3076 3688 360 112 Bestuur
3500 3688 276 112 wordt
3840 3688 204 112 eene
4108 3688 120 112 uit
4288 3688 152 112 vijf
4488 3688 240 112 leden
4832 3698 110 96 au
4970 3698 262 96 moins
5258 3698 200 96 trois
5488 3698 410 96 membres
5908 3698 20 96 .
5948 3698 78 96 A
6054 3698 98 96 ce
6180 3698 324 96 Conseil
6534 3698 100 96 de
6662 3698 282 96 Direc

408 3792 552 116 bestehender
1029 3792 929 116 Beleihungsausschuss
1981 3792 484 116 beigegeben
2489 3792 34 116 .
2616 3792 452 116 bestaande
3156 3792 944 116 beleeningskommissie
4192 3792 500 116 toegevoegd
4690 3792 34 116 .
4832 3792 168 116 tion
5051 3792 179 116 sera
5283 3792 306 116 adjoint
5620 3792 112 116 un
5784 3792 316 116 Comité
6160 3792 380 116 composé
6596 3792 100 116 de
6748 3792 192 116 cinq

408 3900 156 112 Die
652 3900 820 112 Geschäftsordnung
1568 3900 148 112 der
1796 3900 720 112 Vorschusskasse
2616 3900 128 112 De
2776 3900 572 112 standregelen
3382 3900 144 112 der
3586 3900 591 112 Voorschotkas
4225 3900 85 112 en
4358 3900 103 112 de
4480 3900 252 112 bepa-
4832 3900 412 112 membres
5292 3900 140 112 qui
5476 3900 260 112 fixera
5768 3900 80 112 le
5884 3900 376 112 montant
6296 3900 140 112 des
6472 3900 230 112 prêts
6698 3900 30 112 .
6772 3900 168 112 Les

412 4004 168 120 und
660 4004 128 120 die
864 4004 1052 120 Beleihungsvorschriften
2005 4004 501 120 unterliegen
2616 4004 272 120 lingen
2960 4004 484 120 aangaande
3512 4004 148 120 het
3728 4004 444 120 verleenen
4256 4004 160 120 van
4496 4004 232 120 voor-
4834 4006 292 109 statuts
5192 4007 102 108 de
5317 4008 107 108 la
5468 4008 280 109 Caisse
5810 4010 472 109 d'Avances
6346 4012 84 108 et
6484 4012 118 109 les
6687 4013 203 109 règle

405 4104 318 120 meiner
762 4108 627 125 Genehmigung
1384 4117 32 116 .

2618 4112 376 114 schotten
3058 4112 160 114 zijn
3280 4112 162 114 aan
3506 4112 248 114 mijne
3820 4112 560 114 goedkeuring
4432 4112 294 114 onder-
4776 4112 322 114 ments
5166 4112 308 114 relatifs
5552 4112 146 114 aux
5762 4112 354 114 avances
6180 4112 278 114 seront
6522 4112 298 114 soumis
6884 4112 56 114 à

2616 4246 335 84 worpen
2971 4246 21 84 .

4832 4216 192 116 mon
5060 4216 537 116 approbation
5600 4216 28 116 .

514 4362 161 116 Art
677 4362 21 116 .
742 4362 88 116 3.
890 4362 186 116 Alle
1132 4362 908 116 Bekanntmachungen
2092 4362 148 116 der
2313 4362 197 116 Vor-
2718 4368 164 114 Art
2887 4368 21 114 .
2926 4368 116 114 3.
3116 4368 184 114 Alle
3388 4368 774 114 bekendmakingen
4250 4368 150 114 der
4460 4368 266 114 Voor-
4936 4356 160 116 Art
5104 4356 20 116 .
5164 4356 88 116 3.
5312 4356 304 116 Toutes
5652 4356 120 116 les
5808 4356 536 116 publications
6392 4356 104 116 de
6536 4356 80 116 la
6652 4356 284 116 Caisse

408 4464 528 120 sehusskasse
988 4464 364 120 erfolgen
1408 4464 112 120 im
1559 4464 350 120 Gesetz-
1957 4464 154 120 und
2148 4464 313 120 Verord
2488 4464 36 120 -
2617 4464 383 120 schotkas
3036 4464 492 120 geschieden
3568 4464 84 120 in
3696 4464 144 120 het
3880 4464 256 120 Wet-
4177 4464 89 120 en
4324 4464 405 120 Verorde-
4832 4464 472 120 d'Avances
5356 4464 88 120 se
5514 4464 281 120 feront
5817 4464 218 120 dans
6076 4464 76 120 le
6224 4464 356 120 Bulletin
6644 4464 292 120 officiel

404 4572 472 128 nungsblatt
928 4572 140 128 für
1128 4572 132 128 die
1316 4572 548 128 okkupierten
1920 4572 348 128 Gebiete
2324 4572 188 128 Bel-
2624 4572 416 128 ningsblad
3085 4572 199 128 voor
3311 4572 118 128 de
3456 4572 320 128 bezette
3816 4572 336 128 streken
4192 4572 160 128 van
4408 4572 270 128 België
4687 4572 30 128 .
4832 4572 144 128 des
5028 4572 192 128 Lois
5272 4572 84 128 et
5420 4572 344 128 Arrêtés
5828 4572 208 128 pour
6100 4572 76 128 le
6228 4572 412 128 territoire
6696 4572 240 128 belge

403 4682 225 113 giens
640 4681 21 112 .

4830 4680 310 114 occupé
5141 4680 29 114 .

611 4922 349 109 Brüssel
949 4922 28 108 ,
1023 4921 157 108 den
1223 4920 85 108 2.
1355 4918 229 109 April
1635 4917 237 109 1915
1883 4917 21 108 .

2824 4920 349 116 Brussel
3162 4920 27 116 ,
3224 4920 160 116 den
3416 4920 88 116 21
3536 4920 236 116 April
3816 4920 236 116 1915
4064 4920 16 116 .

5039 4920 428 103 Bruxelles
5468 4920 28 100 ,
5539 4919 77 100 le
5655 4917 61 101 2
5751 4916 209 101 avril
6007 4914 237 101 1915
6256 4913 17 100 .

744 5168 176 108 Der
960 5168 384 108 General
1346 5168 24 108 -
1365 5168 575 108 Gouverneur
1972 5168 100 108 in
2104 5168 337 108 Belgien
2466 5168 30 108 ,

1078 5278 390 108 Freiherr
1502 5278 154 108 von
1690 5278 418 108 BISSING
2140 5278 28 108 ,

1291 5384 639 87 Generaloberst
1937 5384 22 84 .

2960 5184 176 112 Der
3172 5184 387 112 General
3566 5184 24 112 -
3589 5184 571 112 Gouverneur
4192 5184 100 112 in
4324 5184 343 112 Belgien
4681 5184 31 112 ,

3291 5284 393 105 Freiherr
3719 5286 153 104 von
3907 5287 413 106 BISSING
4355 5289 29 104 ,

3508 5400 633 80 Generaloberst
4154 5400 22 80 .

5176 5184 180 112 Der
5392 5184 385 114 General
5782 5186 24 112 -
5805 5186 567 114 Gouverneur
6404 5188 100 113 in
6536 5189 337 113 Belgien
6902 5190 30 112 ,

5507 5291 393 108 Freiherr
5931 5294 153 105 von
6119 5296 412 106 BISSING
6567 5299 29 104 ,

5722 5404 639 86 Generaloberst
6367 5404 23 86 .

916 5976 1080 132 BEKANNTMACHUNG

3212 5984 898 124 BEKENDMAKING

5732 5988 280 128 AVIS

1228 6208 464 80 betreffend

3432 6208 460 80 betreffend

4819 6208 505 114 concernant
5371 6210 121 113 les
5543 6211 613 115 marchandises
6211 6214 678 116 réquisitionnées
6892 6217 32 112 .

5540 6380 36 112 (
5573 6380 560 112 Massengüter
6149 6380 30 112 .
6170 6380 30 112 )

804 6376 556 116 requirierte
1444 6376 636 116 Massengüter
2092 6376 20 116 .

3020 6380 520 112 opgeëischte
3592 6380 677 112 massagoederen
4277 6380 28 112 .

498 6815 61 57 Die
577 6815 139 57 grossen
734 6815 301 57 Schwierigkeiten
1041 6815 6 57 ,
1068 6815 55 57 die
1140 6815 64 57 mit
1221 6815 78 57 dem
1316 6815 226 57 Abtransport
1546 6815 7 57 ,
1574 6815 60 57 der
1651 6815 164 57 Ordnung
1829 6815 69 57 und
1912 6815 61 57 der
1984 6815 236 57 Abschätzung
2237 6815 60 57 der
2313 6815 35 57 in
2366 6815 141 57 Belgien

408 6882 230 60 requirierten
665 6882 291 60 Massengüter
960 6882 7 60 ,
999 6882 104 60 sowie
1130 6882 65 60 mit
1229 6882 61 60 der
1318 6882 154 60 Prüfung
1485 6882 75 60 der
1575 6882 339 60 Empfangsscheine
1946 6882 203 60 verbunden
2184 6882 77 60 sind
2266 6882 7 60 ,
2305 6882 114 60 lassen
2451 6882 56 60 die

406 6953 196 54 Bezahlung
618 6953 60 54 der
690 6953 325 54 Empfangsscheine
1033 6953 65 54 nur
1114 6953 153 54 langsam
1286 6953 279 54 voranschreiten
1571 6953 7 54 .
1594 6953 48 54 Da
1656 6953 123 54 jedoch
1797 6953 55 54 die
1866 6953 151 54 Besitzer
2033 6953 135 54 solcher
2180 6953 328 54 Empfangsscheine

408 7020 66 54 den
502 7020 234 54 berechtigten
754 7020 148 54 Wunsch
930 7020 112 54 haben
1048 7020 8 54 ,
1082 7020 60 54 zur
1168 7020 234 54 Fortführung
1428 7020 94 54 ihrer
1548 7020 158 54 Betriebe
1708 7020 11 54 ,
1746 7020 42 54 zu
1814 7020 270 54 Anschaffungen
2089 7020 12 54 ,
2132 7020 60 54 zur
2218 7020 196 54 Bezahlung
2440 7020 68 54 von

408 7088 140 50 Löhnen
556 7088 6 50 ,
582 7088 73 50 etc.
652 7088 10 50 ,
682 7088 104 50 schon
802 7088 82 50 jetzt
902 7088 84 50 Geld
1002 7088 40 50 zu
1060 7088 156 50 erhalten
1222 7088 6 50 ,
1250 7088 36 50 so
1304 7088 88 50 habe
1408 7088 54 50 ich
1480 7088 78 50 eine

2700 6834 48 54 De
2766 6834 118 54 groote
2902 6834 260 54 moeilijkheden
3171 6834 13 54 ,
3208 6834 56 54 die
3288 6834 72 54 met
3388 6834 58 54 het
3468 6834 186 54 vervoeren
3660 6834 8 54 ,
3690 6834 62 54 het
3772 6834 152 54 ordenen
3946 6834 42 54 en
4012 6834 58 54 het
4092 6834 156 54 schatten
4268 6834 66 54 van
4352 6834 42 54 de
4414 6834 36 54 in
4474 6834 116 54 België
4617 6834 97 54 opge

2611 6898 130 60 ëischte
2762 6898 287 60 massagoederen
3069 6898 147 60 gepaard
3239 6898 87 60 gaan
3332 6898 7 60 ,
3360 6898 138 60 evenals
3521 6898 72 60 met
3617 6898 59 60 het
3697 6898 120 60 nazien
3838 6898 66 60 van
3927 6898 42 60 de
3993 6898 348 60 ontvangstbewijzen
4340 6898 15 60 ,
4379 6898 93 60 laten
4492 6898 60 60 het
4579 6898 139 60 betalen

2609 6970 107 52 ervan
2733 6970 126 52 slechts
2876 6970 177 52 langzaam
3066 6970 168 52 vorderen
3242 6970 6 52 .
3268 6970 89 52 Daar
3373 6970 118 52 echter
3506 6970 47 52 bij
3572 6970 42 52 de
3634 6970 162 52 bezitters
3812 6970 65 52 van
3895 6970 98 52 zulke
4010 6970 346 52 ontvangstbewijzen
4374 6970 42 52 de
4432 6970 132 52 billijke
4580 6970 137 52 wensch

2611 7038 134 51 bestaat
2748 7038 11 51 ,
2776 7038 53 51 tot
2845 7038 59 51 het
2923 7038 268 51 inganghouden
3206 7038 65 51 van
3289 7038 72 51 hun
3383 7038 126 51 bedrijf
3507 7038 13 51 ,
3543 7038 53 51 tot
3616 7038 172 51 inkoopen
3794 7038 8 51 ,
3823 7038 39 51 of
3874 7038 53 51 tot
3948 7038 139 51 betalen
4107 7038 65 51 van
4195 7038 128 51 loonen
4328 7038 7 51 ,
4355 7038 62 51 enz
4422 7038 6 51 .
4437 7038 7 51 ,
4463 7038 101 51 reeds
4582 7038 48 51 nu
4646 7038 72 51 hun

2610 7111 79 49 geld
2706 7111 35 49 te
2754 7110 142 50 trekken
2903 7110 6 49 ,
2930 7110 60 49 zoo
3008 7110 67 49 heb
3091 7109 35 50 ik
3142 7109 86 49 eene

4910 6842 64 51 Les
5006 6841 149 52 grandes
5187 6839 181 53 difficultés
5403 6838 200 52 inhérentes
5640 6838 43 51 au
5717 6837 177 52 transport
5898 6836 7 51 ,
5948 6836 43 51 au
6030 6835 206 52 classement
6240 6834 7 51 ,
6280 6834 19 51 à
6326 6833 219 52 l'évaluation
6575 6832 59 51 des
6663 6830 258 53 marchandises

4821 6910 10 52 (
4844 6910 18 52 «
4879 6909 235 53 Massengüter
5132 6909 16 52 »
5160 6909 9 52 )
5200 6907 290 53 réquisitionnées
5515 6907 44 52 en
5586 6906 165 52 Belgique
5779 6905 36 52 et
5839 6905 43 52 au
5909 6904 155 53 contrôle
6094 6903 57 53 des
6179 6903 86 52 bons
6289 6902 176 53 retardent
6492 6901 77 53 leur
6596 6900 185 53 payement
6777 6900 12 52 .
6817 6899 105 53 Etant

4820 6977 116 51 donné
4940 6977 7 51 ,
4967 6976 201 52 cependant
5161 6976 12 51 ,
5192 6975 68 52 que
5280 6975 50 51 les
5353 6974 200 52 détenteurs
5574 6974 61 51 ont
5657 6973 33 51 le
5712 6973 92 51 désir
5827 6972 80 52 bien
5930 6971 298 52 compréhensible
6245 6971 42 51 de
6308 6970 153 51 recevoir
6476 6969 34 52 le
6525 6969 78 51 plus
6627 6969 52 51 tôt
6694 6968 151 52 possible
6861 6968 64 51 des

4821 7045 102 50 fonds
4951 7045 88 50 pour
5067 7044 144 51 pouvoir
5239 7043 182 51 continuer
5449 7043 92 50 leurs
5563 7041 139 52 affaires
5699 7042 12 50 ,
5743 7040 162 52 effectuer
5933 7041 42 50 de
6005 7040 178 51 nouveaux
6207 7040 114 50 achats
6322 7040 11 50 ,
6361 7039 104 50 payer
6491 7039 50 50 les
6569 7038 144 51 salaires
6712 7038 12 50 ,
6755 7038 64 50 etc.
6827 7038 6 50 ,
6861 7037 64 50 j'ai

4822 7112 79 45 créé
4918 7116 72 45 une

680 7226 450 62 VORSCHUSSKASSE
1164 7226 126 62 BEIM
1326 7226 586 62 GENERALGOUVERNEUR
1944 7226 56 62 IN
2032 7226 222 62 BELGIEN

2855 7244 396 66 VOORSCHOTKAS
3283 7244 82 66 BIJ
3402 7244 105 66 DEN
3544 7244 626 66 GENERAALGOUVERNEUR
4205 7244 57 66 IN
4294 7244 184 66 BELGIË

4978 7242 172 74 CAISSE
5184 7242 288 74 D'AVANCES
5504 7242 130 74 PRÈS
5668 7242 66 74 LE
5768 7242 348 74 GOUVERNEUR
6148 7242 236 74 GÉNÉRAL
6410 7242 68 74 EN
6508 7242 256 74 BELGIQUE

4824 7396 84 48 dont
4926 7396 50 48 les
4992 7396 154 48 bureaux
5160 7396 38 48 se
5216 7396 202 48 trouveront
5436 7396 18 48 à
5470 7396 176 48 Bruxelles
5652 7396 6 48 ,
5678 7396 42 48 90
5726 7396 8 48 ,
5754 7396 60 48 rue
5832 7396 42 48 de
5892 7396 32 48 la
5940 7396 60 48 Loi
6004 7396 10 48 .

411 7373 37 52 in
476 7373 137 52 Brüssel
620 7373 5 52 ,
640 7373 207 52 Wetstraat
843 7373 11 52 ,
884 7373 42 52 go
933 7373 6 52 ,
970 7373 163 52 errichtet
1138 7373 6 52 ,
1176 7373 55 52 die
1257 7373 60 52 auf
1340 7373 326 52 Empfangsscheine
1695 7373 54 52 für
1776 7373 206 52 requirierte
2004 7373 274 52 Massengüter
2301 7373 210 52 Vorschüsse

414 7439 180 55 gewähren
625 7439 84 55 wird
716 7439 5 55 .
752 7439 73 55 Von
857 7439 110 55 dieser
996 7439 275 55 Vergünstigung
1299 7439 138 55 können
1465 7439 292 55 unterschiedslos
1790 7439 66 55 alle
1883 7439 148 55 Inhaber
2062 7439 66 55 von
2160 7439 351 55 Empfangsscheinen

412 7511 57 50 für
491 7510 205 51 requirierte
724 7509 271 51 Massengüter
1020 7508 176 51 Gebrauch
1229 7508 144 50 machen
1379 7508 7 50 ,
1417 7507 120 51 soweit
1570 7507 49 50 sie
1648 7506 169 51 Deutsche
1821 7506 7 50 ,
1864 7506 66 50 den
1966 7505 193 50 Deutschen
2194 7504 220 51 Verbündete
2419 7504 7 50 ,
2460 7503 49 50 im

413 7574 145 51 Inlande
580 7574 168 51 weilende
769 7574 135 51 Belgier
929 7574 83 51 oder
1033 7574 162 51 Neutrale
1213 7574 75 51 sind
1294 7574 6 51 .
1320 7574 62 51 Die
1398 7574 208 51 Vorschüsse
1623 7574 137 51 werden
1779 7574 90 51 ohne
1883 7574 79 51 jede
1978 7574 261 51 Zinsbelastung
2256 7574 151 51 gewährt
2412 7574 6 51 .

2614 7392 35 53 te
2676 7392 139 53 Brussel
2821 7392 6 53 ,
2857 7392 186 53 Wetstraat
3050 7392 6 53 ,
3085 7392 42 53 go
3133 7392 6 53 ,
3171 7392 178 53 opgericht
3353 7392 7 53 ,
3391 7392 56 53 die
3483 7392 44 53 op
3556 7392 348 53 ontvangstbewijzen
3928 7392 84 53 voor
4037 7392 218 53 opgeëischte
4292 7392 286 53 massagoederen
4584 7392 6 53 ,
4621 7392 104 53 voor

2615 7457 157 52 schotten
2797 7457 51 52 zal
2872 7457 185 52 verleenen
3062 7457 7 52 .
3088 7457 72 52 Van
3186 7457 49 52 dit
3252 7457 181 52 voorrecht
3450 7457 139 52 kunnen
3595 7457 6 52 ,
3626 7457 127 52 zonder
3774 7457 224 52 onderscheid
4006 7457 6 52 ,
4034 7457 67 52 alle
4124 7457 151 52 houders
4291 7457 65 52 van
4374 7457 347 52 ontvangstbewijzen

2614 7520 84 60 voor
2726 7520 216 60 opgeëischte
2972 7520 279 60 massagoederen
3261 7520 12 60 ,
3302 7520 142 60 gebruik
3474 7520 119 60 maken
3600 7520 10 60 ,
3642 7520 60 60 zoo
3732 7520 38 60 zij
3802 7520 198 60 Duitschers
4004 7520 8 60 ,
4038 7520 160 60 Duitsche
4224 7520 257 60 bondgenooten
4491 7520 12 60 ,
4528 7520 36 60 in
4592 7520 6 60 '
4602 7520 14 60 t
4638 7520 82 60 land

2616 7588 228 56 vertoevende
2868 7588 128 56 Belgen
3022 7588 38 56 of
3089 7588 184 56 onzijdigen
3292 7588 66 56 zijn
3362 7588 10 56 .
3392 7588 46 56 De
3456 7588 240 56 voorschotten
3714 7588 138 56 worden
3872 7588 126 56 zonder
4016 7588 144 56 interest
4176 7588 168 56 verstrekt
4350 7588 6 56 .

462 7666 62 54 Die
540 7666 186 54 Eröffnung
742 7666 60 54 des
820 7666 348 54 Geschäftsbetriebes
1186 7666 60 54 der
1264 7666 286 54 Vorschusskasse
1566 7666 126 54 erfolgt
1706 7666 54 54 am
1778 7666 20 54 6
1814 7666 96 54 April
1924 7666 20 54 d
1950 7666 6 54 .
1972 7666 36 54 Js
2014 7666 6 54 .
2036 7666 62 54 Die
2112 7666 152 54 näheren
2278 7666 232 54 Vorschriften

416 7732 86 50 über
516 7732 64 50 den
596 7732 152 50 Verkehr
762 7732 64 50 mit
842 7732 60 50 der
920 7732 104 50 Kasse
1041 7732 129 50 werden
1194 7732 54 50 bei
1268 7732 112 50 dieser
1396 7732 106 50 selbst
1508 7732 6 50 ,
1534 7732 56 50 bei
1612 7732 66 50 den
1702 7732 222 50 Präsidenten
1950 7732 60 50 der
2032 7732 340 50 Zivilverwaltungen
2392 7732 34 50 in
2446 7732 64 50 den

416 7800 180 50 einzelnen
614 7800 186 50 Provinzen
808 7800 6 50 ,
834 7800 104 50 sowie
954 7800 56 50 bei
1026 7800 66 50 den
1106 7800 192 50 Kreischefs
1316 7800 208 50 einzusehen
1538 7800 74 50 sein
1618 7800 6 50 .
1652 7800 206 50 Ausserdem
1876 7800 138 50 werden
2032 7800 56 50 die
2106 7800 406 50 Geschäftsvorschriften

418 7873 88 50 allen
526 7872 178 51 grösseren
717 7872 139 50 Banken
874 7872 69 50 und
961 7870 218 52 Bankfirmen
1196 7871 35 50 in
1250 7870 65 50 den
1334 7869 225 51 okkupierten
1579 7869 165 50 Gebieten
1762 7868 159 51 Belgiens
1938 7867 189 51 übersandt
2142 7867 137 50 werden
2287 7867 7 50 .

507 7957 112 53 Durch
648 7957 55 53 die
728 7957 214 53 Gewährung
961 7957 66 53 von
1047 7957 233 53 Vorschüssen
1309 7957 127 53 seitens
1456 7957 61 53 der
1536 7957 289 53 Vorschusskasse
1849 7957 85 53 wird
1955 7957 56 53 die
2036 7957 175 53 definitive
2233 7957 197 53 Bezahlung
2453 7957 62 53 der

416 8028 326 54 Empfangsscheine
760 8028 55 53 für
832 8027 203 54 requirierte
1052 8026 234 54 Massengüter
1291 8026 6 53 ,
1317 8025 65 53 wie
1395 8025 49 53 sie
1462 8025 35 53 in
1516 8024 133 54 meiner
1664 8022 330 55 Bekanntmachung
2009 8022 66 53 von
2090 8022 31 53 9.
2141 8021 128 54 Januar
2286 8021 38 53 ds
2330 8021 6 53 .
2352 8026 35 38 Js
2393 8026 5 38 .

2418 8037 78 37 zuge

418 8098 75 49 sagt
508 8098 138 49 worden
663 8097 45 50 ist
713 8097 6 49 ,
738 8097 36 49 in
792 8097 118 49 keiner
931 8096 114 50 Weise
1063 8095 208 50 aufgehalten
1283 8095 12 49 .
1316 8095 62 49 Die
1395 8094 169 50 Tätigkeit
1587 8094 61 49 der
1663 8093 289 50 Vorschusskasse
1969 8093 84 49 wird
2071 8092 169 49 vielmehr
2257 8092 59 49 zur
2339 8090 176 51 Beschleu

420 8158 130 57 nigung
571 8158 61 57 der
652 8158 197 57 definitiven
870 8158 196 57 Bezahlung
1086 8158 176 57 beitragen
1269 8158 6 57 ,
1303 8158 44 57 da
1369 8158 50 57 sie
1441 8158 106 57 durch
1568 8158 153 57 Prüfung
1741 8158 71 57 und
1835 8158 166 57 Ordnung
2023 8158 60 57 der
2107 8158 56 57 bei
2183 8158 56 57 ihr
2261 8158 255 57 eingereichten

419 8231 373 50 Requisitionsscheine
804 8231 78 49 eine
897 8230 180 50 Vorarbeit
1093 8230 55 49 für
1164 8229 55 50 die
1232 8229 198 49 endgültige
1446 8227 322 50 Wertermittelung
1784 8227 124 49 leisten
1925 8226 84 50 wird
2015 8226 7 49 .

2706 7682 49 53 De
2775 7682 248 53 Voorschotkas
3052 7682 106 53 opent
3188 7682 84 53 hare
3303 7682 305 53 werkzaamheden
3642 7682 66 53 den
3740 7682 37 53 61
3808 7682 95 53 April
3937 7682 18 53 a
3961 7682 6 53 .
3999 7682 15 53 s
4020 7682 6 53 .
4046 7682 49 53 De
4126 7682 128 53 nadere
4285 7682 250 53 voorschriften
4568 7682 154 53 omtrent

2616 7748 58 54 het
2690 7748 142 54 verkeer
2848 7748 74 54 met
2944 7748 42 54 de
3006 7748 60 54 kas
3093 7748 54 54 zijn
3174 7748 118 54 aldaar
3308 7748 65 54 zelf
3374 7748 11 54 ,
3406 7748 44 54 bij
3472 7748 60 54 het
3548 7748 112 54 Hoofd
3680 7748 66 54 van
3764 7748 58 54 het
3838 7748 188 54 burgerlijk
4042 7748 144 54 bestuur
4204 7748 34 54 in
4254 7748 44 54 de
4316 7748 122 54 enkele
4454 7748 198 54 provinciën
4660 7748 6 54 ,
4686 7748 42 54 of

2615 7819 45 53 bij
2680 7819 41 53 de
2735 7819 110 53 Kreits
2851 7819 10 53 -
2865 7819 88 53 chefs
2965 7819 234 53 verkrijgbaar
3204 7819 6 53 .
3225 7819 207 53 Buitendien
3449 7819 138 53 worden
3606 7819 42 53 de
3664 7819 393 53 bedrijfsvoorschriften
4073 7819 63 53 aan
4155 7819 66 53 alle
4239 7819 158 53 grootere
4414 7819 135 53 banken
4563 7819 43 53 en
4628 7819 97 53 hulp

2616 7884 134 52 banken
2768 7884 36 52 in
2822 7884 42 52 de
2880 7884 132 52 bezette
3030 7884 136 52 streken
3185 7884 59 52 van
3266 7884 116 52 België
3398 7884 234 52 toegezonden
3638 7884 8 52 .

2705 7973 92 51 Door
2813 7973 59 51 het
2888 7973 220 51 verstrekken
3121 7973 64 51 van
3198 7973 242 51 voorschotten
3454 7973 85 51 door
3552 7973 42 51 de
3607 7973 250 51 Voorschotkas
3870 7973 114 51 wordt
3994 7973 41 51 de
4049 7973 237 51 uiteindelijke
4299 7973 154 51 betaling
4466 7973 61 51 der
4543 7973 180 51 onvangst

2615 8038 162 59 bewijzen
2795 8038 84 59 voor
2896 8038 216 59 opgeëischte
3130 8038 284 59 massagoederen
3422 8038 6 59 ,
3449 8038 60 59 zoo
3529 8038 48 59 als
3595 8038 56 59 die
3667 8038 36 59 in
3727 8038 106 59 mijne
3856 8038 276 59 bekendmaking
4147 8038 64 59 van
4230 8038 15 59 g
4257 8038 10 59 "
4287 8038 141 59 Januari
4442 8038 11 59 j
4461 8038 6 59 .
4488 8038 23 59 1.
4537 8038 184 59 toegezegd

2615 8111 91 52 werd
2708 8111 11 52 ,
2741 8111 32 52 in
2800 8110 117 53 geenen
2943 8110 98 52 deele
3057 8109 176 53 vertraagd
3243 8109 6 52 .
3269 8109 46 52 De
3335 8108 274 53 tusschenkomst
3627 8107 62 52 der
3703 8106 250 53 Voorschotkas
3973 8106 94 52 moet
4087 8105 134 53 veeleer
4247 8105 50 52 tot
4321 8104 58 53 het
4403 8103 232 53 bespoedigen
4661 8103 60 52 der

2619 8173 222 57 slotregeling
2861 8173 171 57 bijdragen
3041 8173 12 57 ,
3077 8173 82 57 daar
3182 8173 42 57 zij
3247 8173 71 57 met
3339 8173 65 57 het
3422 8173 161 57 schikken
3606 8173 43 57 en
3673 8173 238 57 onderzoeken
3927 8173 65 57 van
4010 8173 42 57 de
4069 8173 218 57 ingeleverde
4310 8173 346 57 ontvangstbewijzen
4679 8173 44 57 de

2620 8245 280 52 slotvereffening
2915 8244 97 50 helpt
3026 8241 249 52 voorbereiden
3281 8241 7 49 .

4916 7482 96 54 Cette
5034 7482 116 54 Caisse
5172 7482 72 54 fera
5272 7482 60 54 des
5362 7482 142 54 avances
5528 7482 58 54 sur
5608 7482 48 54 les
5678 7482 86 54 bons
5788 7482 130 54 donnés
5946 7482 42 54 en
6018 7482 150 54 échange
6196 7482 60 54 des
6286 7482 16 54 «
6332 7482 232 54 Massengüter
6594 7482 10 54 »
6638 7482 278 54 réquisitionnés
6914 7482 16 54 .

4824 7549 89 55 Tous
4941 7549 51 55 les
5021 7549 200 55 détenteurs
5250 7549 42 55 de
5320 7549 86 55 bons
5412 7549 6 55 ,
5443 7549 41 55 de
5513 7549 203 55 nationalité
5739 7549 195 55 allemande
5939 7549 6 55 ,
5966 7549 80 55 d'un
6075 7549 81 55 pays
6186 7549 79 55 allié
6294 7549 19 55 à
6340 7549 223 55 l'Allemagne
6568 7549 7 55 ,
6607 7549 44 55 ou
6679 7549 116 55 belges
6817 7549 117 55 résie

4822 7623 84 50 dant
4926 7623 87 50 dans
5042 7623 33 50 la
5102 7622 111 50 partie
5236 7621 146 51 occupée
5400 7621 44 50 du
5462 7621 81 50 pays
5548 7621 7 50 ,
5576 7620 86 51 ainsi
5680 7620 67 50 que
5764 7620 49 50 les
5831 7619 198 51 détenteurs
6051 7618 225 51 appartenant
6294 7618 20 50 à
6329 7617 59 51 des
6411 7617 137 50 nations
6568 7616 139 51 neutres
6712 7616 7 50 ,
6738 7615 174 51 pourront
6914 7615 16 50 ,

4823 7691 80 50 sans
4919 7689 200 52 distinction
5125 7689 6 50 ,
5151 7688 144 51 profiter
5311 7687 42 51 de
5371 7687 54 50 ces
5443 7685 144 52 facilités
5591 7685 9 50 .
5619 7685 64 50 Les
5701 7684 142 51 avances
5859 7683 118 50 seront
5993 7681 194 51 consenties
6205 7680 78 51 sans
6299 7679 130 51 intérêt
6427 7679 10 50 .

4913 7770 48 58 La
4983 7770 116 58 Caisse
5124 7770 177 58 d'avances
5325 7770 240 58 commencera
5593 7770 53 58 ses
5675 7770 197 58 opérations
5889 7770 39 58 le
5957 7770 19 58 6
6006 7770 83 58 avril
6107 7770 161 58 prochain
6276 7770 6 58 .
6303 7770 51 58 On
6371 7770 127 58 pourra
6514 7770 147 58 prendre
6678 7770 263 58 connaissance

4822 7846 61 53 des
4910 7845 211 54 règlements
5146 7844 170 54 régissant
5340 7844 50 53 les
5415 7843 165 54 relations
5592 7843 55 53 de
5671 7843 33 53 la
5730 7842 115 53 Caisse
5869 7841 80 54 avec
5973 7841 33 53 le
6029 7841 115 53 public
6172 7840 6 53 :
6207 7840 43 53 au
6274 7840 92 53 siège
6391 7839 115 53 même
6510 7839 7 53 ,
6545 7838 79 54 chez
6650 7838 49 53 les
6726 7837 196 54 présidents

4821 7911 62 50 des
4909 7910 296 51 administrations
5230 7909 117 51 civiles
5372 7909 84 50 dans
5482 7908 49 51 les
5556 7908 150 50 diverses
5731 7907 178 50 provinces
5934 7906 34 51 et
5992 7906 79 50 chez
6096 7906 50 50 les
6171 7905 92 51 chefs
6288 7904 328 51 d'arrondissement
6620 7904 7 50 .
6653 7903 49 50 En
6735 7903 98 50 outre
6838 7903 8 50 ,
6875 7902 49 50 ils

4823 7981 117 51 seront
4968 7979 264 53 communiqués
5261 7978 66 52 aux
5354 7977 207 52 principales
5588 7976 154 52 banques
5770 7975 35 51 et
5835 7974 189 52 banquiers
6046 7974 45 51 du
6119 7972 173 52 territoire
6319 7971 99 52 belge
6446 7970 125 52 occupé
6576 7970 7 51 .

4913 8067 63 49 Les
4994 8067 142 49 avances
5169 8066 193 50 consenties
5386 8066 61 49 par
5470 8065 33 49 la
5532 8065 114 49 Caisse
5676 8064 177 50 d'avances
5874 8064 43 49 ne
5940 8063 217 50 retarderont
6179 8063 42 49 en
6244 8062 131 50 aucune
6397 8062 97 49 façon
6518 8062 31 49 le
6569 8061 182 50 payement
6774 8059 149 51 définitif

4822 8132 62 45 des
4904 8133 89 46 bons
5020 8135 148 47 délivrés
5194 8138 89 46 pour
5429 8131 234 53 Massengüter
5686 8131 15 52 »
5737 8129 269 53 réquisitionnés
6011 8128 6 52 ,
6048 8128 48 52 tel
6125 8127 83 53 qu'il
6238 8127 18 52 a
6284 8126 54 53 été
6366 8125 159 53 envisagé
6553 8124 84 53 dans
6666 8123 81 53 mon
6775 8123 71 52 avis
6874 8122 46 52 du

4823 8200 19 53 9
4863 8199 134 54 janvier
5027 8198 98 54 1915.
5157 8198 50 53 Au
5236 8196 171 55 contraire
5412 8196 7 53 ,
5441 8196 61 53 les
5534 8194 197 54 opérations
5760 8194 42 53 de
5824 8193 34 53 la
5886 8192 115 54 Caisse
6028 8192 60 53 des
6118 8191 141 53 avances
6280 8189 137 54 doivent
6440 8188 197 54 contribuer
6657 8188 20 53 à
6699 8186 170 54 accélérer
6888 8186 34 53 le

4822 8270 193 52 règlement
5032 8269 152 52 définitif
5200 8269 42 51 de
5259 8269 54 51 ces
5336 8268 87 52 bons
5440 8268 43 51 en
5501 8266 219 53 fournissant
5714 8266 11 51 ,
5745 8266 61 51 par
5823 8265 169 52 l'examen
6011 8265 33 51 et
6061 8264 32 51 le
6111 8263 205 52 classement
6321 8263 6 51 ,
6348 8262 67 52 une
6432 8262 81 51 base
6529 8261 88 52 pour
6634 8261 75 51 leur
6725 8260 196 52 évaluation

4825 8340 170 39 définitive
5003 8339 10 38 .

5309 8132 53 41 les
5389 8138 13 38 «

632 8428 348 112 Brüssel
971 8428 25 112 ,
1042 8428 143 112 den
1236 8428 88 112 2.
1372 8428 228 112 April
1652 8428 236 112 1915
1900 8428 20 112 .

3509 8459 11 36 n

2836 8440 338 116 Brussel
3173 8440 27 116 ,
3244 8440 156 116 den
3444 8440 88 116 21
3568 8440 232 116 April
3852 8440 236 116 1915
4100 8440 16 116 .

3457 8445 31 100 2

5037 8436 427 97 Bruxelles
5471 8436 21 94 ,
5535 8435 79 95 le
5653 8435 57 94 2
5747 8432 207 96 avril
6001 8431 235 95 1915
6249 8430 19 94 .

776 8632 176 112 Der
992 8632 385 112 General
1382 8632 24 112 -
1388 8632 576 112 Gouverneur
2000 8632 100 112 in
2132 8632 341 112 Belgien
2488 8632 28 112 ,

1078 8742 384 104 Freiherr
1514 8742 152 104 von
1718 8742 407 104 BISSING
2164 8742 30 104 ,

1295 8849 642 86 Generaloberst
1937 8849 22 84 .

2980 8662 176 118 Der
3194 8662 391 118 General
3588 8662 28 118 -
3601 8662 573 118 Gouverneur
4208 8662 100 118 in
4316 8662 361 118 Belgien
4696 8662 32 118 ,

3313 8776 389 102 Freiherr
3735 8775 157 99 von
3925 8771 407 101 BISSING
4374 8770 28 98 ,

3527 8878 634 85 Generaloberst
4173 8878 23 80 .

5176 8628 172 120 Der
5388 8628 385 120 General
5778 8628 24 120 -
5791 8628 569 120 Gouverneur
6392 8628 100 120 in
6508 8628 366 120 Belgien
6880 8628 32 120 ,

5473 8742 387 100 Freiherr
5911 8742 153 97 VON
6113 8738 410 100 BISSING
6560 8738 28 96 ,

5691 8846 630 89 Generaloberst
6330 8846 22 84 .
