8227 6821
670 607 1905 648 VERORDNUNG
2863 616 2293 648 VERORDENING
5734 626 1818 647 ARRÉTÉ

492 1628 172 104 Bei
696 1628 168 104 der
888 1628 440 104 Ausreise
1348 1628 168 104 aus
1552 1628 212 104 dem
1784 1628 344 104 Gebiet
2160 1628 164 104 des
2334 1628 462 104 General-
3034 1616 147 132 Bij
3218 1616 166 132 het
3416 1616 424 132 verlaten
3878 1616 186 132 van
4098 1616 164 132 het
4304 1616 332 132 gebied
4676 1616 160 132 des
4878 1616 468 132 General-
5571 1638 185 133 Les
5835 1633 521 136 voyageurs
6419 1631 153 133 qui
6631 1628 401 135 quittent
7091 1627 89 132 le
7227 1621 469 137 territoire
7739 1621 117 133 du

390 1736 818 152 Gouvernements
1284 1736 328 152 dürfen
1682 1736 470 152 Reisende
2224 1736 330 152 ausser
2627 1736 175 152 den
2912 1736 828 152 Gouvernements
3824 1736 334 152 mogen
4246 1736 116 152 de
4452 1736 442 152 reizigers
4900 1736 26 152 ,
5020 1736 318 152 buiten
5438 1736 820 152 Gouvernement
6301 1736 406 152 général
6756 1736 120 152 ne
6940 1736 380 152 doivent
7394 1736 260 152 avoir
7704 1736 158 152 sur

389 1890 889 146 Ausweispapieren
1323 1888 455 143 keinerlei
1835 1885 585 143 schriftliche
2461 1882 347 143 Mittei-
2911 1882 119 140 de
3103 1875 1219 147 eenzelvigheidsbewijzen
4405 1874 119 141 en
4589 1872 335 142 passen
4935 1872 25 140 ,
5041 1870 301 142 geene
5458 1869 182 140 eux
5668 1868 106 140 ou
5827 1867 229 140 dans
6095 1865 254 141 leurs
6403 1863 403 142 bagages
6873 1862 91 140 ni
7029 1857 829 145 communications

387 2036 343 151 lungen
775 2034 229 150 oder
1067 2026 674 155 Drucksachen
1783 2024 325 151 irgend
2160 2020 425 151 welcher
2623 2018 177 149 Art
2911 2010 629 155 schriftelijke
3603 2003 765 155 mededeelingen
4419 2001 105 149 of
4568 1996 529 153 drukwerk
5155 1993 185 151 van
5447 1990 341 151 écrites
5842 1989 109 148 ni
5964 1984 483 153 imprimés
6479 1978 629 153 quelconques
7116 1978 21 148 ,
7193 1974 231 151 sauf
7445 1970 416 153 toutefois

386 2169 522 152 mitführen
917 2169 26 146 ,
1028 2167 102 147 es
1186 2165 129 147 sei
1389 2161 247 149 denn
1651 2161 22 146 ,
1754 2158 212 148 dass
2018 2155 132 148 sie
2203 2150 372 151 hierfür
2652 2147 150 148 die
2905 2143 290 150 gelijk
3240 2138 381 151 welken
3667 2136 234 148 aard
3953 2127 618 154 medenemen
4579 2127 28 146 ,
4659 2121 436 151 tenware
5101 2121 26 146 ,
5179 2119 162 147 dat
5447 2115 254 148 leurs
5750 2110 400 150 papiers
6222 2103 474 152 d'identité
6781 2100 110 148 et
6957 2094 526 153 passeports
7500 2094 45 146 ;
7603 2092 68 147 il
7737 2090 120 147 ne

5447 2228 213 128 sera
5746 2229 182 128 fait
5995 2230 489 130 exception
6559 2232 53 128 à
6715 2233 253 129 cette
7059 2234 529 131 disposition
7675 2237 181 129 que

380 2301 522 163 besondere
968 2295 587 163 schriftliche
1562 2290 512 161 Erlaubnis
2117 2287 165 158 des
2322 2281 480 162 General-
2909 2279 119 157 zij
3065 2274 368 161 hiertoe
3477 2273 118 157 de
3631 2266 544 163 bijzondere
4218 2259 629 164 schriftelijke
4887 2254 454 161 toelating

383 2460 821 128 Gouvernements
1215 2464 21 124 ,
1327 2465 173 125 der
1613 2466 534 128 Politischen
2259 2470 505 127 Abteilung
2771 2473 25 124 ,

2907 2401 167 154 des
3164 2394 428 158 General
3599 2392 45 153 -
3629 2380 831 165 Gouvernements
4444 2380 45 153 ,
4600 2376 173 155 der
4884 2367 458 160 Politieke
5450 2363 239 155 pour
5766 2359 134 155 les
5953 2351 539 160 voyageurs
6523 2349 158 154 qui
6735 2343 318 157 seront
7095 2336 438 158 porteurs
7583 2331 274 156 d'une

5449 2472 602 120 autorisation
6137 2472 401 120 spéciale
6600 2472 96 120 et
6756 2472 292 120 écrite
7096 2472 132 120 du
7311 2472 545 120 Gouverne

418 2528 255 220 Bank
677 2528 66 220 -
717 2528 504 220 Abteilung
1296 2528 228 220 oder
1592 2528 200 220 des
1804 2528 996 220 Verwaltungschef's
2917 2528 504 220 Afdeeling
3405 2528 66 220 ,
3498 2528 158 220 der
3688 2528 520 220 Afdeeling
4216 2528 252 220 voor
4476 2528 224 220 het
4712 2528 624 220 Bankwezen
5437 2528 296 220 ment
5786 2528 399 220 général
6177 2528 66 220 ,
6290 2528 123 220 du
6452 2528 712 220 Département
7176 2528 489 220 politique
7654 2528 66 220 ,
7728 2528 124 220 de

2907 2668 107 137 of
3055 2669 165 138 des
3284 2671 39 136 «
3379 2672 947 146 Verwaltungschefs
4378 2682 39 136 »
4471 2683 123 137 bij
4647 2685 183 138 den
4875 2687 463 141 General-
5443 2693 92 137 la
5580 2695 383 139 Section
6009 2699 177 138 des
6227 2701 426 140 banques
6688 2706 102 136 ou
6847 2707 126 138 du
7008 2709 256 138 Chef
7317 2712 116 138 de
7502 2713 347 141 l'admi

383 2732 149 120 bei
615 2733 213 122 dem
911 2735 434 122 General
1347 2738 29 120 -
1357 2738 651 123 Gouverneur
2107 2742 305 122 haben
2426 2744 21 120 .
2624 2756 176 92 Die

2907 2798 637 135 Gouverneur
3607 2804 409 133 bezitten
4030 2807 21 130 .
4125 2808 195 131 Het
4385 2810 511 135 verleenen
4973 2815 181 131 van
5219 2817 119 131 de
5444 2819 496 135 nistration
6006 2824 244 132 civile
6296 2826 218 132 près
6565 2829 86 130 le
6725 2830 635 135 Gouverneur
7431 2836 373 133 général
7818 2839 23 130 .

384 2880 488 128 Erteilung
944 2880 170 128 der
1196 2880 498 128 Erlaubnis
1770 2880 170 128 zur
2014 2880 518 128 Mitnahme
2618 2880 184 128 von

2908 2944 448 140 toelating
3380 2944 148 140 om
3552 2944 692 140 zaakpapieren
4272 2944 116 140 en
4416 2944 516 140 dergelijke
4956 2944 376 140 schrift-
5444 2944 276 140 Seuls
5796 2944 88 140 le
5960 2944 656 140 Commissaire
6688 2944 384 140 général
7160 2944 160 140 des
7400 2944 415 140 banques
7800 2944 40 140 ,

383 3008 957 131 Geschäftspapieren
1471 3006 185 129 und
1779 3004 501 130 ähnlichen
2411 3000 394 131 Schrift

2908 3072 410 118 stukken
3396 3072 272 118 mede
3712 3072 94 118 te
3874 3072 319 118 nemen
4262 3072 293 118 komt
4566 3072 540 118 uitsluitend
5165 3072 151 118 den
5442 3072 136 118 les
5674 3072 420 118 bureaux
6191 3072 534 118 auxiliaires
6786 3072 140 118 de
7028 3072 90 118 la
7237 3072 359 118 Section
7690 3072 158 118 des

383 3147 393 180 stücken
883 3151 249 177 steht
1215 3153 741 181 ausschliesslich
2039 3158 209 178 dem
2335 3160 465 179 General-
2926 3164 670 181 Kommissaris
3589 3168 53 176 -
3637 3169 458 178 generaal
4150 3172 230 177 voor
4439 3174 116 176 de
4586 3175 414 178 banken
5046 3178 117 176 en
5215 3179 120 176 de
5443 3180 421 179 banques
5879 3183 89 177 à
6015 3184 365 178 Anvers
6440 3187 103 176 et
6562 3187 53 176 à
6631 3188 313 178 Liége
6950 3190 25 176 ,
7040 3191 102 176 et
7189 3192 65 176 la
7283 3192 405 178 Section
7723 3195 121 176 du

383 3283 557 176 kommissar
1024 3287 173 172 für
1248 3288 149 172 die
1461 3288 384 175 Banken
1907 3291 185 173 und
2139 3292 213 173 den
2427 3293 373 174 Zweig-
2906 3295 701 176 hulpkantoren
3627 3299 233 173 der
3871 3300 532 175 Afdeeling
4447 3303 289 173 voor
4808 3305 151 172 het
5014 3306 322 173 Bank-
5460 3308 513 174 commerce
6064 3311 99 172 et
6236 3312 98 172 de
6399 3312 532 176 l'industrie
6987 3315 249 173 près
7284 3317 98 172 le
7450 3317 243 173 Chef
7748 3319 99 172 de

383 3403 330 156 stellen
756 3411 172 152 der
965 3415 280 153 Bank
1247 3420 37 150 -
1290 3421 504 158 Abteilung
1834 3431 93 151 in
1965 3433 594 160 Antwerpen
2603 3445 200 152 und
2906 3450 335 156 wezen
3319 3458 100 151 te
3501 3461 595 161 Antwerpen
4176 3474 120 151 en
4383 3478 250 153 Luik
4638 3483 26 149 ,

2909 3474 323 158 wezen
3319 3471 100 153 te
3503 3459 595 162 Antwerpen
4179 3456 119 154 en
4343 3451 279 156 Luik
4621 3450 46 153 ,
4766 3442 382 159 evenals
5212 3439 143 154 de
5439 3423 807 166 l'administration
6303 3418 271 157 civile
6627 3415 159 154 ont
6843 3412 91 154 le
6986 3407 251 156 droit
7307 3397 539 161 d'accorder

382 3551 384 159 Lüttich
823 3558 294 157 sowie
1172 3564 171 155 der
1412 3567 485 160 Abteilung
1946 3575 170 155 für
2168 3579 378 157 Handel
2606 3586 194 155 und
2916 3590 487 160 Afdeeling
3454 3598 237 156 voor
3741 3603 378 157 Handel
4175 3609 120 154 en
4357 3612 540 161 Nijverheid
4959 3621 132 154 bij
5147 3624 184 155 den

5438 3560 672 120 l'autorisation
6158 3560 566 120 d'emporter
6752 3560 164 120 des
6958 3560 376 120 papiers
7380 3560 460 120 d'affaires

380 3699 485 129 Gewerbe
906 3706 152 124 bei
1098 3709 215 125 dem
1354 3712 910 135 Verwaltungschef
2297 3725 118 123 zu
2425 3726 24 122 .

5435 3678 96 134 et
5552 3678 321 134 autres
5907 3678 373 134 papiers
6317 3678 123 134 du
6447 3678 338 134 même
6785 3678 292 134 genre
7087 3678 40 134 .
7134 3678 106 134 —
7263 3678 155 134 Au
7438 3678 361 134 surplus
7809 3678 23 134 ,

2913 3748 39 120 «
3001 3748 911 127 Verwaltungschef
3947 3756 37 120 »
4039 3757 155 121 toe
4204 3758 21 120 .
4445 3746 264 164 Voor
4745 3750 165 163 het
4948 3754 383 166 overige
5443 3762 142 162 les
5598 3764 530 169 voyageurs
6139 3772 412 167 peuvent
6580 3779 433 168 toujours
7024 3787 103 161 se
7150 3788 247 165 faire
7428 3793 411 167 envoyer

382 3828 465 161 Uebrigen
898 3834 282 159 bleibt
1221 3837 102 157 es
1382 3839 181 158 den
1634 3842 529 162 Reisenden
2210 3848 549 163 überlassen
2765 3855 26 156 ,
2905 3856 334 161 mogen
3285 3861 118 157 de
3445 3863 446 161 reizigers
3937 3868 202 159 zich
4187 3871 243 159 naar
4465 3874 145 158 de
4618 3875 306 160 plaats
4958 3880 373 160 hunner
5438 3885 173 158 par
5685 3888 87 157 la
5861 3890 246 158 poste
6111 3893 48 157 ,
6201 3894 122 157 au
6385 3896 182 158 lieu
6634 3899 141 158 de
6817 3900 553 163 destination
7445 3908 114 157 de
7633 3910 202 158 leur

383 3978 149 142 die
615 3980 533 147 benötigten
1237 3985 703 149 Schriftstücke
2003 3992 197 144 sich
2265 3995 301 145 durch
2651 3998 149 143 die
2844 3999 679 149 bestemming
3601 4007 230 143 door
3917 4010 116 143 de
4106 4011 210 144 post
4389 4014 116 143 de
4585 4015 739 150 schriftstukken
5448 4023 347 145 voyage
5804 4027 43 142 ,
5894 4027 124 143 les
6054 4029 375 145 papiers
6473 4033 223 143 dont
6739 4035 106 143 ils
6888 4036 164 144 ont
7091 4038 315 145 besoin
7436 4041 26 142 .

382 4140 224 95 Post
648 4141 122 94 an
814 4142 150 94 ihr
1006 4143 458 96 Reiseziel
1498 4146 592 96 übersenden
2136 4149 114 94 zu
2296 4150 304 95 lassen
2616 4151 22 94 .
2901 4144 253 123 laten
3193 4146 361 124 zenden
3599 4148 151 123 die
3793 4150 111 122 ze
3949 4151 335 124 noodig
4329 4154 355 124 hebben
4708 4156 26 122 .

3022 4292 240 136 Elke
3320 4292 502 136 handeling
3876 4292 92 136 in
4036 4292 268 136 strijd
4368 4292 190 136 met
4622 4292 702 136 bovenstaande

5550 4256 304 126 Toute
5944 4257 500 128 infraction
6540 4259 122 126 au
6746 4260 384 127 présent
7231 4262 306 127 arrêté
7624 4263 204 127 sera

504 4332 252 128 Jede
812 4332 776 128 Nichtbefolgung
1644 4332 680 128 vorstehender
2409 4332 379 128 Verord

384 4463 271 180 nung
707 4457 239 181 wird
971 4454 203 179 mit
1251 4449 236 179 Haft
1528 4443 267 181 oder
1847 4440 163 178 mit
2072 4429 551 186 Gefängnis
2644 4426 151 179 bis
2899 4413 667 188 Verordening
3619 4407 310 181 wordt
3975 4402 228 180 met
4241 4399 156 179 ten
4455 4391 387 183 hoogste
4891 4388 175 179 één
5090 4383 235 180 jaar
5434 4376 275 181 punie
5774 4370 285 182 d'une
6082 4365 295 181 peine
6395 4349 946 192 d'emprisonnement
7379 4347 115 177 de
7506 4340 327 182 police

2896 4528 493 172 hechtenis
3462 4538 105 166 of
3631 4541 566 174 gevangenis
4262 4552 107 166 of
4430 4555 195 167 met
4682 4559 175 167 ten
4902 4563 419 171 hoogste
5444 4572 398 171 amende
5904 4580 412 172 pouvant
6364 4588 464 173 atteindre
6868 4597 334 170 4000
7276 4604 328 170 marcs
7606 4610 52 165 .
7688 4611 139 167 La

5428 4500 120 124 ou
5624 4500 684 124 correctionnel
6380 4500 216 124 d'un
6672 4500 120 124 an
6868 4500 116 124 au
7076 4500 208 124 plus
7368 4500 112 124 ou
7560 4500 268 124 d'une

383 4614 117 96 zu
573 4615 307 97 einem
941 4616 311 98 Jahre
1325 4618 229 97 oder
1617 4620 167 97 mit
1850 4621 531 100 Geldstrafe
2463 4624 139 97 bis
2675 4626 117 96 zu

2898 4668 305 164 4000
3246 4673 157 162 mk
3413 4675 27 160 .
3482 4676 278 164 boete
3811 4681 401 167 gestraft
4214 4687 50 161 .
4262 4688 294 164 Naast
4590 4693 277 164 boete
4915 4698 184 163 kan
5139 4701 162 163 ook
5426 4705 273 165 peine
5717 4710 970 174 d'emprisonnement
6713 4725 114 161 et
6869 4727 462 167 l'amende
7381 4735 446 166 pourront

382 4750 308 132 4000
731 4751 96 131 M
867 4752 399 133 bestraft
1273 4754 25 131 .
1427 4755 203 132 Auf
1666 4756 537 133 Geldstrafe
2240 4759 260 132 kann
2542 4760 249 132 auch

383 4838 305 181 neben
732 4836 296 182 einer
1086 4832 757 184 Freiheitsstrafe
1902 4830 409 182 erkannt
2349 4827 387 183 werden
2763 4828 55 180 .
2895 4823 825 184 gevangenisstraf
3783 4819 665 184 uitgesproken
4535 4817 393 182 worden
4943 4817 21 180 .
5059 4815 257 181 Deze
5423 4813 213 182 étre
5675 4810 561 184 appliquées
6265 4806 769 185 simultanément
7010 4806 55 180 .
7098 4805 181 181 Les
7302 4802 531 183 infractions

2897 4954 397 138 straffen
3341 4956 391 138 worden
3793 4959 663 139 uitgesproken
4505 4963 229 137 door
4779 4965 161 136 het
4981 4965 331 139 krijgs-
5424 4968 340 138 seront
5798 4970 329 139 jugées
6151 4973 175 136 par
6379 4974 133 136 les
6585 4975 501 139 tribunaux
7143 4978 471 139 militaires
7665 4981 113 137 ou
7791 4982 25 136 ,

384 5032 572 132 Bestrafung
1040 5032 336 132 erfolgt
1456 5032 900 132 militärgerichtlich
2432 5032 188 132 und
2696 5032 88 132 in

384 5136 532 169 leichteren
974 5146 307 166 Fällen
1340 5153 303 165 durch
1693 5159 593 172 polizeiliche
2318 5171 483 169 Strafver-
2893 5181 362 167 voegde
3337 5189 453 169 Duitsche
3907 5200 436 167 overheid
4348 5208 42 161 ,
4508 5211 515 168 krachtens
5131 5222 179 163 een

2880 5092 406 134 gerecht
3336 5092 118 134 en
3466 5092 22 134 ,
3550 5092 96 134 in
3702 5092 394 134 lichtere
4168 5092 426 134 gevallen
4604 5092 24 134 ,
4672 5092 242 134 door
4976 5092 116 134 de
5158 5092 154 134 be-
5422 5092 232 134 dans
5698 5092 134 134 les
5876 5092 156 134 cas
6078 5092 178 134 peu
6300 5092 332 134 graves
6642 5092 22 134 ,
6724 5092 152 134 par
6929 5092 135 134 les
7102 5092 446 134 autorités
7597 5092 227 134 mili

5420 5216 288 132 taires
5748 5216 572 132 allemandes
6364 5216 152 132 qui
6560 5216 696 132 prononceront
7308 5216 156 132 des
7500 5216 312 132 peines

384 5308 356 128 fügung
796 5308 168 128 der
1008 5308 604 128 zuständigen
1668 5308 516 128 deutschen
2244 5308 508 128 Behörden
2760 5308 24 128 .

2895 5350 649 137 politievonnis
3556 5350 21 132 .

5422 5324 122 138 de
5602 5332 301 146 police
5909 5346 26 133 .

2648 3724 148 88 Im

627 5570 383 119 Brüssel
1016 5573 27 116 ,
1095 5574 181 118 den
1329 5576 90 117 1.
1465 5577 267 119 April
1787 5580 273 119 1916
2072 5583 19 116 .

3887 5604 32 36 n

3139 5580 385 123 Brussel
3533 5581 25 122 ,
3599 5581 179 123 den
3829 5582 91 123 19
3955 5583 265 123 April
4267 5584 269 123 1916
4547 5585 21 122 .

5659 5610 489 117 Bruxelles
6160 5609 21 112 ,
6227 5607 85 114 le
6367 5606 113 113 1er
6519 5603 237 114 avril
6819 5598 269 115 1916
7100 5598 25 112 .

766 5840 206 128 Der
1014 5845 438 132 General
1459 5853 28 124 -
1483 5854 648 136 Gouverneur
2177 5867 106 126 in
2333 5870 386 132 Belgien
2733 5878 34 125 ,

1102 5979 450 121 Freiherr
1613 5989 218 115 VON
1902 5994 514 120 BISSING
2425 6003 18 112 ,

1399 6108 737 115 Generaloberst
2129 6116 27 108 .

3304 5830 192 135 Der
3541 5834 444 141 General
3986 5843 30 132 -
4015 5843 648 145 Gouverneur
4702 5856 115 134 in
4856 5859 393 140 Belgien
5256 5867 36 133 ,

3634 5976 446 122 Freiherr
4149 5983 202 120 von
4422 5988 522 123 BISSING
4946 5996 26 116 ,

3930 6108 734 129 Generaloberst
4652 6114 29 124 .

5827 5828 189 125 Der
6063 5829 437 128 General
6507 5833 28 124 -
6532 5833 648 129 Gouverneur
7219 5839 113 124 in
7375 5840 376 127 Belgien
7766 5843 34 124 ,

6155 5970 441 114 Freiherr
6657 5972 213 113 VON
6935 5973 525 115 BISSING
7461 5976 23 112 ,

6451 6088 728 107 Generaloberst
7174 6092 27 104 .

494 6220 58 44 G.
586 6220 54 44 G.
678 6220 62 44 Ild
772 6220 166 44 19530
