7213 9486
419 362 2071 326 Bekanntmachung
2671 348 1954 325 Bekendmaking

5480 380 700 228 AVIS

4573 1567 20 42 »
4601 1567 13 42 ,

465 764 105 75 Am
593 763 79 75 15.
697 761 153 76 April
875 760 131 75 1916
1031 757 171 76 treten
1225 756 133 75 neue
1383 749 551 80 Passbestimmungen
1959 748 55 74 in
2039 746 161 76 Kraft
2201 746 15 74 .

2656 733 93 72 Op
2781 733 64 72 15
2889 732 150 72 April
3087 731 130 73 1916
3261 730 210 73 worden
3509 729 200 73 nieuwe
3737 726 404 75 pasbepalingen
4173 726 100 73 van
4299 725 188 73 kracht
4491 725 10 72 .

4853 730 49 74 A
4927 730 167 75 partir
5117 732 71 74 du
5213 733 65 74 15
5303 733 131 75 avril
5459 735 131 74 1916
5595 736 11 74 ,
5631 736 63 74 de
5720 736 263 77 nouvelles
6011 739 327 77 dispositions
6361 742 177 75 seront
6561 744 319 76 applicables

465 854 113 61 Auf
597 853 83 61 die
705 852 85 61 für
813 851 93 61 das
931 848 235 62 reisende
1191 844 287 63 Publikum
1501 838 415 66 wissenswerten
1953 837 209 62 Punkte
2185 836 77 60 sei
2287 833 213 62 hiermit
2657 813 82 74 Op
2765 813 62 74 de
2853 812 198 74 punten
3053 811 12 74 ,
3109 811 82 74 die
3233 810 124 74 voor
3399 809 90 75 het
3531 808 204 75 reizend
3794 806 194 76 publiek
4035 806 102 74 van
4173 805 190 75 belang
4391 804 91 74 zijn
4483 804 18 74 ,
4527 803 168 75 wordt
4786 812 106 72 aux
4916 812 296 72 passeports
5218 812 10 72 .
5254 812 100 72 Les
5382 812 288 72 voyageurs
5704 812 118 72 sont
5856 812 188 72 invités
6078 812 30 72 à
6138 812 222 72 prendre
6401 812 363 72 connaissance
6795 812 92 72 des

402 926 264 72 öffentlich
690 926 356 72 aufmerksam
1070 926 244 72 gemacht
1316 926 10 72 .

2589 892 187 73 hierbij
2803 892 64 72 de
2893 890 262 73 openbare
3181 888 262 74 aandacht
3467 886 266 74 gevestigd
3737 886 10 72 .

4786 880 444 76 renseignements
5254 880 234 76 suivants
5512 880 124 76 qu'il
5660 880 116 76 leur
5800 880 222 76 importe
6046 880 204 76 surtout
6274 880 64 76 de
6362 880 266 76 connaître
6632 880 12 76 .

4854 954 38 70 I.
4932 953 282 72 Certificats
5240 955 250 72 d'identité
5496 957 13 70 .
5542 957 150 70 Ainsi
5728 958 124 70 qu'il
5888 958 30 70 a
5954 959 118 70 déjà
6108 959 82 71 été
6234 960 220 71 prescrit
6494 961 30 70 à
6568 962 48 70 la
6654 962 118 71 date
6812 963 70 70 du

467 1021 41 62 I.
545 1018 264 65 Personal
815 1018 15 62 -
842 1015 225 65 Ausweis
1061 1015 15 62 .
1125 1014 125 63 Wie
1291 1011 195 64 bereits
1531 1009 85 64 am
1663 1009 79 62 10.
1789 1006 235 64 Oktober
2069 1004 135 63 1915
2251 1003 103 62 von
2401 1001 103 63 mir
2659 993 39 78 I.
2733 988 593 83 Eenzelvigheidsbewijs
3317 989 19 78 .
3409 987 185 79 Zooals
3637 986 149 79 reeds
3827 985 67 78 op
3935 984 65 78 10
4025 982 235 80 Oktober
4287 981 131 79 1915
4451 980 127 79 door
4603 979 87 79 mij

4783 1020 65 80 10
4875 1020 211 82 octobre
5111 1022 131 81 1915
5247 1023 11 80 ,
5283 1023 293 82 quiconque
5601 1026 79 80 est
5703 1026 95 81 âgé
5823 1027 65 80 de
5913 1028 65 80 15
6007 1029 95 80 ans
6129 1029 281 82 accomplis
6439 1032 109 80 doit
6549 1033 13 80 ,
6585 1033 171 81 quelle
6779 1034 103 81 que

399 1097 279 80 verordnet
679 1097 11 78 ,
715 1095 93 79 hat
843 1094 123 79 jede
1005 1092 197 79 Person
1231 1090 153 79 jeder
1411 1084 575 83 Staatsangehörigkeit
2009 1082 137 79 nach
2173 1079 331 81 Vollendung
2592 1060 292 82 verordend
2908 1060 142 82 werd
3056 1060 12 82 ,
3082 1060 138 82 moet
3242 1060 146 82 ieder
3412 1060 220 82 persoon
3650 1060 102 82 van
3772 1060 125 82 welk
3934 1060 522 82 staatsburgerschap
4482 1060 100 82 ook
4584 1060 12 82 ,
4610 1060 84 82 die

4774 1100 108 72 soit
4916 1100 58 72 sa
5012 1100 302 74 nationalité
5318 1102 10 72 ,
5354 1102 108 72 être
5500 1102 380 74 constamment
5916 1104 214 73 porteur
6158 1105 120 72 d'un
6314 1105 254 74 certificat
6604 1107 268 73 d'identité
6865 1108 17 72 ,

399 1180 91 71 des
509 1179 80 71 15.
607 1174 380 75 Lebensjahres
981 1174 19 70 ,
1029 1170 212 74 einerlei
1240 1170 22 70 ,
1267 1170 53 70 ob
1347 1168 75 71 sie
1445 1167 115 71 sich
1577 1163 281 73 innerhalb
1883 1161 127 71 oder
2031 1156 311 74 ausserhalb
2361 1154 143 72 ihres
2595 1149 85 74 ten
2705 1148 135 75 volle
2861 1147 65 75 15
2945 1146 121 75 jaar
3083 1144 277 76 geworden
3385 1144 45 74 is
3431 1144 11 74 ,
3463 1140 365 78 onverschillig
3825 1141 19 74 ,
3863 1140 57 75 of
3939 1139 121 75 deze
4085 1139 111 74 zich
4217 1137 195 75 binnen
4437 1136 57 75 of
4511 1135 181 75 buiten

4784 1172 114 72 tant
4922 1172 30 72 à
4978 1172 288 73 l'intérieur
5288 1173 116 73 qu'à
5432 1174 296 73 l'extérieur
5752 1175 64 72 de
5842 1176 50 72 la
5918 1176 274 73 commune
6218 1177 66 72 où
6308 1177 36 73 il
6370 1178 32 72 a
6426 1178 90 72 son
6544 1178 236 73 domicile
6784 1179 12 72 .

397 1256 325 73 Wohnortes
745 1252 236 74 befindet
973 1252 18 70 ,
1015 1251 153 71 einen
1191 1247 262 73 Personal
1455 1247 15 70 -
1470 1244 240 72 Ausweis
1733 1242 87 71 bei
1843 1241 113 71 sich
1981 1240 61 70 zu
2067 1237 182 72 führen
2258 1237 15 70 .

2591 1226 128 76 zijne
2745 1225 324 76 woonplaats
3093 1223 242 76 ophoudt
3323 1223 19 74 ,
3365 1223 96 74 een
3487 1219 592 77 eenzelvigheidsbewijs
4111 1219 68 74 bij
4211 1218 110 74 zich
4347 1217 196 75 dragen
4545 1216 12 74 .

4850 1242 214 82 Chaque
5090 1242 262 82 voyageur
5342 1242 22 82 ,
5390 1242 64 82 de
5480 1242 140 82 toute
5648 1242 301 82 nationalité
5950 1242 16 82 ,
5990 1242 90 82 qui
6106 1242 168 82 arrive
6302 1242 128 82 dans
6454 1242 46 82 le
6526 1242 258 82 territoire
6810 1242 70 82 du

463 1334 119 75 Alle
605 1328 361 80 Eingereisten
983 1325 261 77 jeglicher
1279 1317 573 82 Staatsangehörigkeit
1887 1315 175 75 haben
2085 1313 113 75 sich
2223 1309 279 77 innerhalb
2662 1310 66 76 Al
2760 1310 98 76 wie
2896 1310 54 76 in
2986 1310 88 76 het
3112 1310 122 76 land
3272 1310 146 76 komt
3420 1310 12 76 ,
3464 1310 102 76 van
3594 1310 138 76 welk
3760 1310 522 76 staatsburgerschap
4312 1310 68 76 hij
4416 1310 98 76 ook
4542 1310 136 76 weze
4682 1310 12 76 ,
4783 1313 421 78 Gouvernement
5236 1316 213 76 général
5488 1318 106 75 doit
5596 1319 12 74 ,
5634 1319 128 75 dans
5800 1320 74 74 les
5912 1321 62 74 48
5998 1321 202 76 heures
6226 1323 62 74 de
6314 1323 92 75 son
6442 1324 200 75 arrivée
6640 1326 16 74 ,
6680 1326 54 74 se
6760 1326 120 75 pré

397 1409 62 58 48
483 1407 236 60 Stunden
745 1406 138 58 nach
907 1403 248 60 Ankunft
1179 1402 86 59 bei
1293 1401 120 59 dem
1437 1399 87 60 für
1547 1399 152 59 ihren
1735 1397 174 59 ersten
1945 1394 314 60 Aufenthalt
2296 1391 202 61 zustän-
2592 1390 140 72 moet
2772 1390 112 72 zich
2928 1390 194 72 binnen
3168 1390 60 72 48
3272 1390 100 72 uur
3408 1390 66 72 na
3516 1390 128 72 zijne
3686 1390 276 72 aankomst
4004 1390 64 72 op
4090 1390 108 72 het
4234 1390 124 72 voor
4392 1390 96 72 zijn
4528 1390 166 72 eerste
4774 1390 182 72 senter
4980 1390 68 73 au
5074 1391 198 73 bureau
5300 1392 62 72 de
5388 1392 296 74 passeports
5704 1394 68 72 du
5798 1394 104 73 lieu
5928 1395 64 72 de
6016 1395 92 73 son
6136 1396 226 73 premier
6378 1397 171 73 séjour
6553 1398 18 72 ;
6596 1398 58 72 ce
6680 1399 198 72 bureau

389 1486 157 69 digen
585 1483 265 70 Passbüro
891 1482 61 68 zu
993 1480 209 69 melden
1205 1479 13 68 ,
1253 1478 81 69 wo
1377 1475 269 71 entweder
1683 1474 87 69 ihr
1813 1471 256 71 Personal
2073 1471 14 68 -
2094 1469 240 70 Ausweis
2375 1467 127 69 oder
2589 1472 302 75 oponthoud
2917 1471 232 75 bevoegd
3173 1469 320 76 paskantoor
3515 1468 266 75 aangeven
3785 1468 12 74 ,
3809 1467 144 75 waar
3971 1467 150 74 ofwel
4141 1466 96 74 zijn
4257 1463 438 77 eenzelvigheids-
4773 1452 233 74 revêtira
5032 1455 121 73 d'un
5177 1457 113 73 visa
5313 1458 49 73 le
5387 1459 257 75 certificat
5667 1463 267 75 d'identité
5965 1466 67 73 ou
6063 1468 47 72 le
6139 1469 271 75 passeport
6433 1472 71 73 du
6527 1473 263 75 voyageur
6813 1477 67 72 ou

387 1561 277 68 Reisepass
705 1560 97 66 mit
843 1558 171 67 einem
1057 1555 259 68 Vermerk
1359 1552 253 68 versehen
1615 1552 13 66 ,
1665 1551 31 66 d
1699 1551 11 66 .
1737 1550 35 66 h
1777 1550 11 66 .
1839 1549 19 66 «
1895 1547 179 68 visiert
2105 1547 19 66 »
2173 1545 125 67 oder
2339 1543 159 68 ihnen
2591 1543 180 78 bewijs
2813 1543 57 78 of
2906 1543 198 78 reispas
3140 1543 108 78 met
3278 1543 95 78 een
3417 1543 342 78 merkteeken
3795 1543 233 78 voorzien
4033 1543 12 78 ,
4078 1543 32 78 d
4114 1543 9 78 .
4153 1543 23 78 i
4177 1543 23 78 .
4225 1543 20 78 «
4275 1543 269 78 geviseerd
4646 1548 58 51 of
4784 1536 120 78 bien
4940 1536 222 78 invitera
5198 1536 136 78 cette
5370 1536 256 78 personne
5654 1536 32 78 à
5710 1536 54 78 se
5790 1536 250 78 procurer
6062 1536 446 78 immédiatement
6532 1536 76 78 un
6626 1536 256 78 certificat

383 1636 323 73 Anweisung
725 1634 175 72 erteilt
911 1633 129 71 wird
1041 1632 17 70 ,
1065 1631 113 71 sich
1199 1627 371 74 unverzüglich
1589 1626 85 70 bei
1693 1625 95 70 der
1807 1623 85 71 für
1909 1622 153 71 ihren
2075 1617 425 74 Aufenthaltsort
2590 1618 144 80 waar
2760 1618 122 80 hem
2906 1618 342 80 aangewezen
3268 1618 170 80 wordt
3433 1618 16 80 ,
3466 1618 112 80 zich
3604 1618 188 80 zonder
3816 1618 176 80 uitstel
4018 1618 64 80 op
4108 1618 90 80 het
4222 1618 242 80 Belgisch
4502 1618 194 80 politie

4783 1598 267 72 d'identité
5075 1601 65 70 en
5164 1602 313 73 s'adressant
5501 1605 33 70 à
5557 1606 259 73 l'autorité
5845 1609 151 71 belge
6019 1611 65 70 de
6121 1612 166 72 police
6288 1614 13 70 ,
6325 1614 327 74 compétente
6675 1618 133 71 pour
6829 1620 53 70 la

4783 1672 209 56 localité
4995 1674 13 54 .

381 1706 339 77 zuständigen
757 1703 305 77 belgischen
1107 1697 541 80 Ortspolizeibehörde
1685 1695 155 75 einen
1875 1691 258 78 Personal
2138 1692 15 74 -
2152 1690 244 76 Ausweis
2435 1689 63 74 zu
2590 1698 180 74 bureel
2773 1698 11 74 ,
2811 1698 91 74 dat
2926 1698 126 74 voor
3071 1698 133 74 zijne
3220 1698 387 74 verblijfplaats
3635 1698 234 74 bevoegd
3895 1698 45 74 is
3942 1698 11 74 ,
3979 1698 96 74 een
4104 1698 592 74 eenzelvigheidsbewijs

379 1786 294 59 beschaffen
681 1786 15 56 .

2585 1781 103 62 aan
2715 1779 49 61 te
2789 1774 222 64 schaffen
3023 1773 15 60 .

4840 1744 110 76 Les
4976 1744 282 76 personnes
5294 1744 90 76 qui
5420 1744 118 76 sont
5566 1744 64 76 en
5656 1744 290 76 possession
5982 1744 62 76 de
6070 1744 32 76 2
6128 1744 66 76 ou
6218 1744 64 76 de
6308 1744 118 76 plus
6450 1744 66 76 de
6550 1744 30 76 2
6606 1744 282 76 certificats

443 1858 138 75 Wer
597 1858 74 74 im
691 1857 170 75 Besitz
879 1856 100 75 von
999 1856 30 74 2
1051 1855 126 74 oder
1195 1853 278 75 mehreren
1493 1852 126 74 oder
1637 1850 310 75 ungültigen
1985 1848 250 75 Personal
2234 1848 22 74 -
2263 1845 231 77 Auswei-
2654 1846 128 78 Wie
2806 1846 56 78 in
2886 1846 92 78 het
3014 1846 134 78 bezit
3172 1846 102 78 van
3310 1846 32 78 2
3380 1846 56 78 of
3466 1846 146 78 meer
3640 1846 56 78 of
3726 1846 272 78 ongeldige
4034 1846 660 78 eenzelvigheidsbewijzen

4784 1812 270 80 d'identité
5045 1812 22 80 ,
5108 1812 74 80 les
5224 1812 284 80 personnes
5548 1812 92 80 qui
5658 1812 300 80 possèdent
5998 1812 90 80 des
6138 1812 282 80 certificats
6466 1812 264 80 d'identité
6784 1812 104 80 non

4784 1882 234 68 valables
5042 1883 52 68 et
5118 1883 158 69 celles
5306 1884 92 68 qui
5436 1884 62 69 ne
5526 1885 236 69 tiennent
5786 1886 92 68 pas
5904 1887 204 68 compte
6136 1888 64 68 de
6224 1888 52 68 la
6300 1888 160 69 durée
6486 1889 64 68 de
6576 1889 212 69 validité
6818 1891 72 68 du

375 1943 93 74 sen
493 1942 69 74 ist
585 1940 127 75 oder
735 1939 85 74 die
845 1933 487 79 Gültigkeitsdauer
1353 1932 95 74 des
1467 1929 211 76 Visums
1701 1928 97 74 auf
1825 1925 121 76 dem
1973 1923 265 76 Personal
2241 1922 15 74 -
2260 1920 236 76 Ausweis
2586 1922 44 82 is
2632 1922 12 82 ,
2686 1922 58 82 of
2780 1922 102 82 den
2906 1922 484 82 geldigheidsduur
3422 1922 102 82 van
3562 1922 90 82 het
3688 1922 172 82 visum
3896 1922 64 82 op
3986 1922 90 82 het
4102 1922 594 82 eenzelvigheidsbewijs

4783 1950 113 72 visa
4919 1951 195 73 apposé
5138 1952 93 73 sur
5253 1953 115 73 leur
5385 1953 259 75 certificat
5667 1956 267 74 d'identité
5935 1958 13 72 ,
5971 1958 293 74 s'exposent
6285 1960 33 72 à
6343 1961 109 72 être
6477 1962 185 73 punies
6665 1963 11 72 .

380 2012 389 78 überschreitet
763 2012 16 78 ,
800 2012 182 78 macht
1004 2012 112 78 sich
1142 2012 280 78 straffällig
1422 2012 19 78 .

2585 2008 366 79 tebuitengaat
2941 2008 20 74 ,
2985 2004 183 77 maakt
3191 2002 113 76 zich
3329 1997 266 79 strafbaar
3594 1997 16 74 .

4856 2024 53 76 II
4909 2024 13 76 .
4960 2024 314 77 Passeports
5266 2025 19 76 .
5312 2026 508 78 Indépendamment
5846 2028 68 76 du
5934 2028 256 77 certificat
6210 2029 266 77 d'identité
6480 2030 12 76 ,
6512 2031 74 76 les
6606 2031 288 77 voyageurs

449 2111 55 62 II
509 2111 11 62 .
549 2107 378 66 Passierschein
936 2107 14 62 .
993 2105 197 64 Ausser
1219 2104 121 63 dem
1363 2102 253 64 Personal
1617 2101 27 62 -
1645 2099 241 64 Ausweis
1909 2098 71 63 ist
2003 2098 85 62 ein
2107 2094 389 65 Passierschein

2656 2094 52 98 II
2714 2094 10 98 .
2784 2094 313 98 Paspoorten
3109 2094 18 98 .
3174 2094 204 98 Buiten
3424 2094 90 98 het
3562 2094 594 98 eenzelvigheidsbewijs
4206 2094 170 98 wordt
4434 2094 126 98 voor
4600 2094 98 98 het
4790 2094 98 98 qui
4922 2094 234 98 arrivent
5188 2094 138 98 dans
5374 2094 48 98 le
5446 2094 284 98 territoire
5780 2094 70 98 du
5885 2094 439 98 Gouvernement
6358 2094 226 98 général
6576 2094 29 98 ,
6628 2094 138 98 ceux
6802 2094 92 98 qui

6570 2107 22 73 ,

393 2188 328 70 erforderlich
757 2188 85 67 für
859 2187 85 67 die
969 2185 235 68 Einreise
1233 2185 57 66 in
1319 2184 95 66 das
1439 2182 189 67 Gebiet
1659 2181 91 67 des
1775 2179 225 68 General
2001 2179 27 66 -
2031 2176 451 69 Gouvernements
2483 2175 13 66 ,

2590 2182 390 80 binnenkomen
3016 2182 56 80 in
3108 2182 90 80 het
3234 2182 188 80 gebied
3452 2182 90 80 des
3572 2182 236 80 General
3806 2182 16 80 -
3826 2182 441 80 Gouvernements
4270 2182 16 80 ,
4312 2182 124 80 voor
4460 2182 90 80 het
4578 2182 120 80 ver-
4782 2172 232 78 désirent
5038 2172 48 78 le
5110 2172 198 78 quitter
5344 2172 52 78 et
5424 2172 134 78 ceux
5590 2172 90 78 qui
5712 2172 214 78 veulent
5956 2172 48 78 le
6032 2172 262 78 traverser
6318 2172 208 78 doivent
6550 2172 246 78 posséder
6816 2172 76 78 un

389 2272 85 64 für
497 2272 83 62 die
599 2269 249 64 Ausreise
873 2268 95 63 aus
993 2267 121 63 dem
1133 2265 187 63 Gebiet
1343 2264 101 62 wie
1473 2262 137 63 auch
1639 2260 87 64 für
1751 2260 83 62 die
1863 2256 317 65 Durchreise
2205 2255 169 63 durch
2401 2253 95 63 das

2585 2271 142 74 laten
2753 2270 102 74 van
2881 2269 76 74 dit
2983 2268 184 75 gebied
3171 2268 12 74 ,
3209 2266 210 75 evenals
3441 2265 126 75 voor
3593 2265 62 74 de
3681 2263 232 75 doorreis
3939 2262 126 75 door
4087 2261 92 75 het
4203 2259 234 76 General
4441 2259 15 74 -
4449 2258 242 75 Gouver

4776 2250 271 60 passeport
5045 2250 16 60 .

389 2348 186 59 Gebiet
599 2347 92 59 des
717 2346 227 59 General
953 2345 14 58 -
970 2342 448 62 Gouvernements
1421 2342 14 58 .

2583 2353 215 70 nement
2821 2352 97 69 een
2937 2349 249 71 paspoort
3209 2346 263 71 vereischt
3475 2346 11 68 .

4848 2314 100 76 Les
4972 2314 330 76 dispositions
5332 2314 380 76 réglementant
5740 2314 52 76 la
5828 2314 304 76 circulation
6166 2314 30 76 à
6236 2314 282 76 l'intérieur
6540 2314 70 76 du
6632 2314 254 76 territoire

451 2423 136 66 Was
623 2422 102 66 den
763 2420 230 67 Verkehr
1025 2418 268 68 innerhalb
1319 2417 84 67 des
1431 2416 226 67 Gebietes
1693 2415 84 67 des
1811 2413 229 68 General
2050 2413 13 66 -
2060 2411 433 68 Gouvernements

4780 2386 68 70 du
4886 2386 398 72 Gouvernement
5330 2388 210 71 général
5580 2389 90 70 ont
5718 2390 80 70 été
5838 2390 224 71 rendues
6096 2391 168 71 moins
6300 2392 206 71 sévères
6542 2393 134 71 pour
6696 2394 186 71 autant

2650 2432 134 68 Wat
2808 2432 90 68 het
2922 2432 202 68 verkeer
3150 2432 186 68 binnen
3362 2432 78 68 het
3464 2432 192 68 Gebied
3680 2432 84 68 des
3792 2432 224 68 General
4018 2432 15 68 -
4040 2432 424 68 Gouvernements
4484 2432 195 68 betreft
4671 2432 17 68 ,

383 2505 204 72 betrifft
577 2505 17 70 ,
613 2505 57 70 so
693 2503 175 71 haben
893 2502 85 70 die
997 2497 431 74 Bestimmungen
1451 2493 293 74 betreffend
1769 2492 191 71 Reisen
1985 2490 139 71 nach
2149 2488 121 72 dem
2295 2486 197 72 Grenz

4778 2460 212 76 qu'elles
5032 2460 318 76 concernent
5390 2460 74 76 les
5496 2460 222 76 voyages
5754 2460 30 76 à
5828 2460 314 76 destination
6180 2460 62 76 de
6286 2460 50 76 la
6364 2460 126 76 zone
6501 2460 14 76 -
6521 2460 241 76 frontière
6788 2460 90 76 qui

2581 2500 99 90 zijn
2701 2500 61 91 de
2789 2501 313 92 bepalingen
3127 2503 305 92 aangaande
3459 2506 91 90 het
3579 2506 169 91 reizen
3779 2508 131 90 naar
3933 2509 91 90 het
4052 2509 460 94 grenszonegebied
4542 2513 150 91 langs
4776 2514 150 92 longe
4953 2516 49 90 la
5023 2516 163 91 limite
5213 2518 89 90 des
5323 2518 177 91 étapes
5525 2520 52 90 et
5609 2520 73 91 les
5707 2521 223 91 voyages
5965 2523 209 91 partant
6211 2524 65 91 de
6301 2525 135 91 cette
6461 2526 129 91 zone
6591 2527 28 90 -
6625 2527 233 93 frontière
6845 2529 28 90 .

381 2581 339 82 zonengebiet
743 2579 161 80 längs
939 2578 95 78 der
1067 2572 429 83 Etappengrenze
1533 2570 109 79 und
1665 2566 319 81 umgekehrt
2007 2564 117 79 eine
2149 2560 339 82 wesentliche

2581 2597 64 76 de
2683 2594 384 79 etappengrens
3091 2594 66 76 en
3185 2592 314 77 omgekeerd
3525 2589 310 78 aanzienlijk
3867 2588 244 77 verzacht
4133 2586 278 77 geworden
4417 2585 10 76 .
4455 2584 230 77 Behalve

4778 2602 126 72 Sont
4946 2602 138 73 seuls
5124 2603 194 73 soumis
5360 2604 30 72 à
5426 2605 318 73 l'obligation
5774 2606 120 73 d'un
5942 2607 268 74 passeport
6238 2608 132 73 dans
6406 2609 50 72 la
6480 2610 128 72 zone
6616 2610 14 72 -
6633 2610 243 73 frontière

383 2658 403 77 Erleichterung
819 2655 232 76 erfahren
1064 2654 15 74 .
1137 2652 179 76 Neben
1345 2650 119 76 dem
1495 2647 365 77 Kraftwagen-
1885 2645 107 75 und
2019 2640 471 79 Fahrradverkehr

2580 2666 126 86 voor
2724 2666 90 86 het
2853 2666 389 86 motorwagen-
3265 2666 63 86 en
3348 2666 406 86 rijwielverkeer
3778 2666 44 86 is
3848 2666 168 86 alleen
4036 2666 124 86 voor
4184 2666 92 86 het
4298 2666 388 86 spoorwegver-
4774 2666 246 86 longeant
5062 2666 48 86 la
5152 2666 164 86 limite
5360 2666 90 86 des
5494 2666 176 86 étapes
5661 2666 24 86 ,
5728 2666 50 86 la
5820 2666 310 86 circulation
6172 2666 90 86 des
6302 2666 342 86 automobiles
6686 2666 64 86 ou
6786 2666 92 86 des

379 2737 69 76 ist
471 2736 119 77 dort
613 2735 103 76 nur
743 2734 95 76 der
861 2729 533 80 Eisenbahnverkehr
1419 2727 95 77 aus
1545 2726 121 77 dem
1691 2723 289 79 passfreien
2005 2721 189 78 Gebiet
2221 2720 139 77 nach
2385 2719 101 76 den

2578 2746 128 82 keer
2730 2746 78 82 uit
2834 2746 90 82 het
2948 2746 189 82 pasvrij
3166 2746 186 82 gebied
3376 2746 132 82 naar
3532 2746 64 82 de
3614 2746 376 82 spoorstations
4012 2746 54 82 in
4092 2746 90 82 het
4216 2746 470 82 grenszonegebied
4728 2746 8 82 |
4774 2746 304 82 bicyclettes
5116 2746 50 82 et
5190 2746 76 82 les
5302 2746 222 82 voyages
5568 2746 180 82 d'aller
5784 2746 52 82 et
5864 2746 178 82 retour
6082 2746 98 82 par
6222 2746 208 82 chemin
6466 2746 64 82 de
6556 2746 78 82 fer
6659 2746 153 82 entre
6828 2746 48 82 le

379 2811 412 78 Bahnstationen
821 2810 54 77 in
901 2810 118 76 dem
1053 2806 508 79 Grenzzonengebiet
1595 2805 106 76 und
1731 2803 316 78 umgekehrt
2088 2799 398 80 passierschein

2577 2835 64 74 en
2691 2833 314 76 omgekeerd
3043 2832 96 75 een
3183 2831 246 75 paspoort
3475 2829 190 75 noodig
3669 2829 10 74 .
3711 2827 360 76 Daarentegen
4113 2826 144 74 werd
4301 2825 62 74 de
4405 2823 280 76 bewaking
4776 2824 258 72 territoire
5062 2824 64 72 où
5152 2824 48 72 le
5226 2824 270 72 passeport
5522 2824 130 72 n'est
5676 2824 94 72 pas
5790 2824 148 72 exigé
5958 2824 52 72 et
6034 2824 76 72 les
6128 2824 150 72 gares
6304 2824 64 72 de
6394 2824 50 72 la
6464 2824 122 72 zone
6597 2824 14 72 -
6622 2824 246 72 frontière
6862 2824 14 72 .

377 2896 241 77 pflichtig
619 2895 11 76 .
707 2893 165 77 Dafür
899 2891 205 78 freilich
1141 2889 163 78 findet
1333 2888 117 77 eine
1475 2885 325 79 verschärfte
1831 2881 439 80 Ueberwachung
2300 2878 187 79 bezüg

2578 2904 290 76 betreffend
2894 2904 64 76 de
2996 2904 664 76 eenzelvigheidsbewijzen
3692 2904 56 76 in
3782 2904 64 76 de
3884 2904 270 76 nabijheid
4182 2904 92 76 der
4302 2904 382 76 etappengrens
4774 2894 80 78 En
4886 2894 260 78 revanche
5150 2894 10 78 ,
5192 2894 130 78 dans
5360 2894 46 78 le
5444 2894 264 78 voisinage
5746 2894 62 78 de
5846 2894 50 78 la
5934 2894 164 78 limite
6136 2894 90 78 des
6264 2894 176 78 étapes
6442 2894 12 78 ,
6490 2894 74 78 les
6600 2894 280 78 certificats

377 2967 106 76 lich
509 2967 94 76 der
627 2966 258 77 Personal
891 2966 16 76 -
910 2964 263 78 Ausweise
1199 2964 54 76 in
1281 2964 94 76 der
1397 2963 148 77 Nähe
1573 2963 92 76 der
1691 2961 428 78 Etappengrenze
2145 2961 129 76 statt
2274 2961 13 76 .

2576 2990 306 70 verscherpt
2884 2990 12 70 .

4775 2960 267 71 d'identité
5065 2962 177 71 seront
5267 2963 259 72 contrôlés
5553 2965 151 71 d'une
5731 2967 233 71 manière
5991 2969 119 70 plus
6145 2970 301 72 rigoureuse
6451 2972 11 70 .

445 3051 95 78 Die
567 3047 429 81 Bestimmungen
1027 3046 133 79 über
1183 3045 101 79 den
1311 3043 243 80 Verkehr
1581 3043 55 78 in
1665 3042 121 78 dem
1819 3037 489 82 Grenzzonengebiet
2337 3036 147 79 längs

2644 3061 75 78 De
2755 3061 317 78 bepalingen
3109 3061 228 78 omtrent
3369 3061 91 78 het
3491 3061 222 78 verkeer
3747 3061 55 78 in
3838 3061 92 78 het
3968 3061 445 78 grenszonegebied
4451 3061 146 78 langs
4625 3061 60 78 de

4842 3036 98 72 Les
4966 3036 330 74 dispositions
5322 3038 318 74 concernant
5660 3040 74 72 les
5752 3040 224 73 voyages
6000 3042 130 72 dans
6154 3042 50 72 la
6230 3043 126 72 zone
6363 3043 18 72 -
6381 3044 241 73 frontière
6642 3045 238 73 longeant

375 3133 91 74 der
491 3129 383 77 holländischen
899 3127 197 76 Grenze
1125 3126 117 75 sind
1267 3125 149 75 nicht
1443 3122 255 76 geändert
1701 3122 9 74 .
1785 3121 107 75 Der
1921 3117 473 77 Fahrradverkehr
2415 3116 71 74 ist

2574 3136 414 80 Nederlandsche
3012 3136 150 80 grens
3180 3136 214 80 werden
3414 3136 108 80 niet
3540 3136 263 80 gewijzigd
3807 3136 19 80 .
3852 3136 106 80 Het
3982 3136 408 80 rijwielverkeer
4416 3136 134 80 blijft
4570 3136 114 80 hier

4774 3110 52 78 la
4848 3110 248 78 frontière
5122 3110 320 78 hollandaise
5466 3110 142 78 n'ont
5632 3110 94 78 pas
5752 3110 80 78 été
5858 3110 264 78 modifiées
6124 3110 14 78 .
6178 3110 74 78 La
6288 3110 306 78 circulation
6620 3110 90 78 des
6734 3110 144 78 bicy

375 3209 115 80 hier
507 3207 137 81 nach
661 3206 99 81 wie
779 3205 93 81 vor
891 3203 249 82 verboten
1165 3202 109 81 und
1299 3201 95 80 der
1417 3196 575 84 Kraftwagenverkehr
2017 3195 101 80 nur
2141 3194 87 80 für
2251 3192 231 81 Fahrten

2574 3218 126 77 voor
2724 3218 77 77 als
2826 3218 68 77 na
2918 3218 263 77 verboden
3208 3218 66 77 en
3298 3218 92 77 het
3413 3218 579 77 motorwagenverkeer
4016 3218 170 77 alleen
4216 3218 118 77 voor
4360 3218 169 77 reizen
4554 3218 131 77 naar

4772 3184 183 70 clettes
4986 3184 34 70 y
5056 3185 78 70 est
5169 3185 167 71 restée
5361 3186 264 71 interdite
5663 3187 52 70 et
5751 3187 51 70 la
5838 3188 308 71 circulation
6180 3189 90 70 des
6306 3189 341 72 automobiles
6683 3191 83 70 n'y
6802 3191 78 71 est

373 3287 134 66 nach
535 3286 106 66 und
665 3285 100 66 von
791 3284 94 67 der
909 3281 396 69 holländischen
1333 3280 196 67 Grenze
1555 3278 248 68 gestattet
1805 3278 10 66 .

2576 3298 64 76 en
2664 3298 102 76 van
2794 3298 62 76 de
2882 3298 426 76 Nederlandsche
3334 3298 156 76 grens
3514 3298 288 76 toegelaten
3812 3298 10 76 .

4772 3258 224 72 permise
5022 3258 116 72 qu'à
5166 3258 314 72 destination
5506 3258 64 72 de
5596 3258 50 72 la
5672 3258 250 72 frontière
5954 3258 322 72 hollandaise
6302 3258 52 72 et
6376 3258 112 72 vice
6512 3258 146 72 versa
6662 3258 13 72 .

438 3369 112 69 Der
750 3363 83 75 ehr
885 3362 95 75 aus
1025 3361 113 75 dem
1181 3359 293 75 passfreien
1519 3358 57 74 in
1623 3356 159 75 dieses
1831 3352 493 78 Grenzzonengebiet
2377 3351 107 75 und

4836 3332 58 76 Il
4916 3332 126 76 reste
5043 3332 15 76 ,
5088 3332 60 76 en
5168 3332 212 76 général
5372 3332 18 76 ,
5418 3332 208 76 interdit
5650 3332 60 76 de
5732 3332 180 76 passer
5936 3332 68 76 du
6028 3332 252 76 territoire
6312 3332 64 76 où
6402 3332 44 76 le
6466 3332 268 76 passeport
6756 3332 122 76 n'est

2642 3376 107 84 Het
2786 3376 204 85 verkeer
3024 3378 76 84 uit
3136 3378 78 85 het
3242 3379 204 85 pasvrij
3486 3380 56 85 in
3566 3381 74 84 dit
3662 3381 446 88 grenszonegebied
4132 3384 60 84 en
4228 3385 292 85 omgekeerd
4544 3386 140 85 blijft
4764 3388 100 84 pas
4888 3388 140 85 exigé
5056 3389 130 85 dans
5212 3390 108 85 cette
5344 3391 121 85 zone
5468 3392 25 84 -
5504 3392 242 85 frontière
5762 3393 44 85 et
5828 3394 104 84 vice
5962 3395 142 84 versâ
6130 3396 16 84 :
6172 3396 66 84 on
6262 3396 64 84 ne
6352 3397 180 85 lèvera
6555 3398 136 85 cette
6714 3399 164 85 inter

369 3443 293 74 umgekehrt
693 3442 151 73 bleibt
877 3441 67 72 im
983 3438 333 75 allgemeinen
1351 3435 220 75 verboten
1611 3435 109 73 und
1751 3434 135 73 wird
1915 3433 103 72 nur
2045 3432 55 72 in
2133 3431 129 73 ganz
2294 3429 160 73 beson

2571 3469 116 76 over
2715 3469 78 76 het
2817 3468 254 77 algemeen
3095 3467 246 77 verboden
3367 3466 64 77 en
3455 3466 170 76 wordt
3651 3465 168 77 alleen
3859 3465 54 76 in
3943 3464 118 77 heel
4093 3463 292 77 bijzondere
4423 3462 241 77 uitzonde

369 3522 159 67 deren
565 3518 469 70 Ausnahmefällen
1039 3517 13 66 ,
1083 3516 155 67 wenn
1275 3514 179 67 Leben
1489 3512 127 67 oder
1651 3510 243 68 Existenz
1931 3509 93 66 des
2065 3504 415 70 Gesuchstellers

4772 3476 194 80 diction
4992 3476 102 80 que
5120 3476 130 80 dans
5276 3476 90 80 des
5390 3476 90 80 cas
5504 3476 114 80 tout
5642 3476 250 80 spéciaux
5894 3476 12 80 ,
5932 3476 230 80 lorsqu'il
6192 3476 186 80 s'agira
6408 3476 98 80 soit
6536 3476 64 80 de
6630 3476 50 80 la
6704 3476 82 80 vie
6812 3476 64 80 ou

2572 3544 384 80 ringsgevallen
2984 3544 290 80 toegelaten
3276 3544 14 80 ,
3312 3544 248 80 wanneer
3584 3544 150 80 leven
3760 3544 56 80 of
3836 3544 218 80 bestaan
4074 3544 102 80 van
4196 3544 100 80 den
4322 3544 290 80 aanvrager
4630 3544 56 80 of

367 3603 126 68 oder
517 3602 102 68 von
643 3600 172 69 nahen
837 3597 428 71 Anverwandten
1289 3596 96 69 auf
1405 3595 118 69 dem
1549 3594 172 69 Spiele
1749 3592 182 70 stehen
1937 3592 10 68 ,
1967 3591 128 69 oder
2111 3590 156 69 wenn
2293 3589 54 69 es
2367 3589 112 68 sich

4772 3548 62 74 de
4862 3548 296 75 l'existence
5184 3549 338 75 économique
5550 3550 70 75 du
5646 3551 286 75 solliciteur
5968 3552 64 74 ou
6072 3552 62 74 de
6166 3553 80 74 ses
6272 3553 220 75 proches
6530 3554 210 75 parents
6742 3555 12 74 ,
6778 3555 100 74 soit

2572 3622 102 78 van
2700 3622 374 78 naverwanten
3098 3622 66 78 op
3190 3622 90 78 het
3314 3622 112 78 spel
3462 3622 150 78 staan
3616 3622 12 78 ,
3664 3622 56 78 of
3750 3622 248 78 wanneer
4034 3622 58 78 er
4114 3622 196 78 spraak
4334 3622 44 78 is
4410 3622 89 78 van
4538 3622 144 78 drin-
4772 3616 62 86 de
4878 3616 224 86 voyages
5162 3616 402 86 professionnels
5624 3616 214 86 urgents
5882 3616 62 86 de
5994 3616 269 86 médecins
6271 3616 21 86 ,
6322 3616 429 86 d'accoucheuses
6743 3616 22 86 ,
6814 3616 62 86 de

369 3683 89 72 um
495 3680 287 74 dringende
819 3676 363 75 Berufsreisen
1217 3675 101 72 von
1355 3672 213 74 Aerzten
1577 3672 17 72 ,
1619 3669 329 74 Hebammen
1953 3668 13 72 ,
1991 3665 335 75 Seelsorgern
2355 3663 125 73 oder

2569 3708 169 81 gende
2763 3705 393 83 beroepsreizen
3179 3705 103 80 van
3317 3701 387 83 geneesheeren
3707 3701 13 80 ,
3755 3698 409 83 vroedvrouwen
4167 3698 13 80 ,
4211 3695 395 83 zielverzorgers
4627 3694 59 81 of
4771 3692 203 82 prêtres
4997 3692 67 80 ou
5098 3691 61 80 de
5182 3687 409 84 fonctionnaires
5588 3688 17 80 .

365 3759 347 74 angestellten
737 3757 253 73 Beamten
1015 3755 217 73 handelt
1235 3754 13 72 ,
1271 3752 245 74 gestattet
1521 3752 11 72 .

2567 3785 337 80 aangestelde
2929 3780 276 77 beambten
3213 3779 17 72 .

4840 3770 140 74 Dans
5008 3770 114 74 tous
5158 3770 74 74 les
5270 3770 236 74 bureaux
5542 3770 62 74 de
5642 3770 297 74 passeports
5937 3770 17 74 ,
5980 3770 66 74 on
6072 3770 126 74 peut
6222 3770 264 74 consulter
6504 3770 92 74 des
6632 3770 168 74 cartes
6826 3770 52 74 et

435 3839 95 74 Die
565 3837 75 75 im
675 3832 507 79 Grenzzonengebiet
1217 3829 149 77 längs
1391 3829 95 75 der
1521 3825 399 77 holländischen
1957 3822 199 76 Grenze
2191 3819 287 77 gelegenen

2638 3872 76 80 De
2756 3872 54 80 in
2852 3872 90 80 het
2984 3872 470 80 grenszonegebied
3496 3872 148 80 langs
3686 3872 64 80 de
3798 3872 424 80 Nederlandsche
4264 3872 156 80 grens
4464 3872 216 80 gelegen

4772 3840 90 78 des
4888 3840 144 78 listes
5056 3840 278 78 indiquant
5360 3840 74 78 les
5460 3840 232 78 localités
5718 3840 350 78 appartenant
6086 3840 32 78 à
6138 3840 50 78 la
6204 3840 127 78 zone
6343 3840 14 78 -
6361 3840 245 78 frontière
6632 3840 244 78 longeant

367 3920 125 75 Orte
527 3919 109 74 und
673 3917 83 75 die
793 3908 691 83 passierscheinpflichtigen
1519 3902 567 80 Eisenbahnstationen
2123 3901 53 74 in
2209 3899 93 75 der
2329 3897 147 75 Nähe

2568 3932 241 102 plaatsen
2844 3935 67 100 en
2935 3936 78 101 de
3037 3937 491 107 spoorwegstations
3563 3944 109 101 met
3709 3945 601 107 paspoortverplichting
4345 3953 39 100 in
4407 3954 69 100 de
4513 3955 169 102 nabij-
4769 3958 193 102 étapes
4968 3961 68 100 et
5041 3961 144 102 dans
5191 3963 302 105 lesquelles
5507 3967 68 101 on
5585 3968 166 102 exige
5774 3970 51 101 la
5851 3971 355 105 présentation
6241 3976 107 101 d'un
6372 3978 282 103 passeport
6638 3981 23 100 .

4770 3914 50 80 la
4848 3914 248 80 frontière
5122 3914 322 80 hollandaise
5472 3914 52 80 et
5558 3914 74 80 les
5668 3914 150 80 gares
5856 3914 192 80 situées
6072 3914 30 80 à
6128 3914 276 80 proximité
6430 3914 64 80 de
6520 3914 50 80 la
6596 3914 164 80 limite
6784 3914 92 80 des

365 3998 97 77 der
479 3993 429 81 Etappengrenze
933 3992 119 77 sind
1069 3990 95 77 aus
1179 3989 105 77 den
1309 3988 55 76 in
1387 3986 139 77 allen
1545 3982 289 79 Passbüros
1859 3977 393 81 angebrachten
2275 3975 203 78 Karten

371 4081 106 70 und
501 4077 175 72 Listen
701 4075 61 70 zu
787 4071 211 72 ersehen
1008 4071 14 68 .

2569 4041 122 74 heid
2717 4040 94 75 der
2835 4038 384 76 etappengrens
3243 4037 150 75 staan
3417 4035 336 76 aangegeven
3781 4035 66 74 op
3883 4034 64 75 de
3989 4033 222 75 kaarten
4259 4033 66 74 en
4367 4031 164 75 lijsten
4532 4031 19 74 ,
4593 4031 84 74 die

4838 4056 48 82 A
4912 4056 50 82 la
4986 4056 248 82 frontière
5260 4056 324 82 hollandaise
5586 4056 14 82 ,
5624 4056 50 82 la
5692 4056 178 82 limite
5890 4056 64 82 de
5980 4056 50 82 la
6058 4056 122 82 zone
6195 4056 18 82 -
6217 4056 243 82 frontière
6490 4056 116 82 sera
6632 4056 244 82 prochai

433 4156 95 75 Die
563 4150 505 80 Abgrenzungslinie
1105 4148 137 75 nach
1283 4144 227 77 Holland
1539 4142 135 76 wird
1709 4139 249 76 übrigens
1995 4134 309 78 demnächst
2341 4132 137 76 noch

2568 4116 56 74 in
2648 4116 102 74 alle
2776 4116 354 74 paskantoren
3154 4116 286 74 uithangen
3444 4116 12 74 .

4770 4134 214 74 nement
5006 4134 228 74 avancée
5260 4134 62 74 de
5348 4134 240 74 nouveau
5614 4134 50 74 et
5706 4134 136 74 cette
5872 4134 136 74 zone
6032 4134 118 74 sera
6192 4134 202 74 réduite
6420 4134 46 74 le
6492 4134 118 74 plus
6634 4134 224 74 possible
6862 4134 10 74 .

363 4232 183 73 weiter
587 4227 487 76 hinausgeschoben
1121 4226 109 73 und
1273 4223 237 74 dadurch
1553 4222 93 73 das
1697 4217 509 76 Grenzzonengebiet
2255 4216 95 72 auf
2391 4215 85 72 ein
2637 4205 74 74 De
2739 4203 352 76 afpalingslijn
3117 4203 130 74 naar
3271 4201 296 76 Nederland
3605 4200 270 75 overigens
3899 4199 170 75 wordt
4093 4198 246 75 overkort
4367 4197 100 75 nog
4493 4197 186 74 verder
4838 4210 140 72 Dans
5004 4210 46 72 le
5078 4210 198 72 restant
5302 4210 68 72 du
5398 4210 258 72 territoire
5684 4210 68 72 du
5780 4210 420 72 Gouvernement
6230 4210 212 72 général
6444 4210 12 72 ,
6484 4210 140 72 toute
6650 4210 224 72 circula

365 4313 279 62 Minimum
669 4309 323 62 beschränkt
1015 4307 211 60 werden
1231 4306 11 58 .

2567 4285 214 73 verlegd
2807 4284 64 73 en
2898 4283 255 74 daardoor
3177 4283 91 73 het
3292 4281 467 74 grenszonegebied
3785 4280 76 73 tot
3886 4280 95 73 een
4008 4278 257 75 minimum
4307 4277 223 74 beperkt
4532 4277 10 73 .
4768 4282 108 76 tion
4878 4282 12 76 ,
4916 4282 30 76 à
4970 4282 308 76 l'exception
5316 4282 62 76 de
5420 4282 50 76 la
5506 4282 308 76 circulation
5856 4282 92 76 des
5988 4282 150 76 autos
6180 4282 52 76 et
6272 4282 92 76 des
6406 4282 302 76 bicyclettes
6710 4282 12 76 ,
6748 4282 126 76 peut

433 4391 61 72 In
521 4389 117 73 dem
668 4386 216 75 übrigen
913 4384 187 75 Gebiet
1125 4383 91 73 des
1243 4381 236 74 General
1481 4380 15 72 -
1498 4376 448 76 Gouvernements
1971 4375 67 72 ist
2057 4373 153 73 jeder
2233 4370 245 74 Verkehr
2635 4375 64 72 In
2735 4374 90 73 het
2861 4373 178 73 overig
3075 4372 186 73 gebied
3299 4371 92 72 des
3427 4369 224 74 General
3653 4369 26 72 -
3681 4367 448 74 Gouvernements
4165 4366 44 72 is
4245 4365 88 73 elk
4367 4364 222 73 verkeer
4768 4354 150 72 avoir
4942 4355 104 72 lieu
5072 4356 120 72 sans
5218 4356 122 73 qu'il
5368 4357 98 73 soit
5490 4358 180 73 besoin
5696 4359 122 73 d'un
5844 4360 270 74 passeport
6118 4362 12 72 .

469 4469 97 72 mit
605 4465 305 75 Ausnahme
953 4464 91 73 des
1069 4460 371 75 Kraftwagen-
1463 4459 109 73 und
1599 4453 495 77 Fahrradverkehrs
2243 4452 231 76 passier-
2568 4448 336 82 uitgenomen
2922 4448 92 82 het
3034 4448 380 82 motorwagen-
3434 4448 64 82 en
3518 4448 410 82 rijwielverkeer
3944 4448 68 82 -
4030 4448 190 82 zonder
4238 4448 246 82 paspoort
4509 4448 171 82 toege

4833 4429 266 74 Toutefois
5095 4429 17 74 ,
5136 4428 75 74 les
5236 4427 283 75 personnes
5543 4426 240 75 soumises
5802 4426 69 74 au
5887 4425 221 75 contrôle
6125 4424 121 75 d'un
6271 4424 19 74 «
6315 4423 279 75 Meldeamt
6618 4423 19 74 »
6664 4422 209 75 doivent

359 4543 297 76 scheinfrei
643 4543 15 74 .
671 4543 95 74 Die
781 4542 93 74 der
885 4538 359 78 Meldepflicht
1261 4536 449 77 unterstehenden
1727 4533 267 77 Personen
2007 4532 257 76 bedürfen
2277 4531 201 75 jedoch
2567 4535 140 76 laten
2713 4535 8 76 .
2749 4534 74 76 De
2849 4533 256 77 personen
3131 4532 102 76 aan
3259 4531 100 77 den
3397 4529 412 79 meldingsplicht
3845 4527 374 78 onderworpen
4225 4527 10 76 ,
4261 4526 206 77 moeten
4499 4524 178 77 echter

4766 4500 206 78 obtenir
4990 4500 382 78 l'autorisation
5390 4500 228 78 spéciale
5644 4500 64 78 de
5734 4500 60 78 ce
5826 4500 18 78 «
5870 4500 286 78 Meldeamt
6180 4500 18 78 »
6214 4500 174 78 avant
6417 4500 72 78 de
6504 4500 223 78 voyager
6740 4500 130 78 dans

4768 4570 46 72 le
4842 4570 260 73 territoire
5124 4572 70 72 du
5216 4572 422 75 Gouvernement
5656 4575 212 73 général
5870 4576 14 72 ,
5902 4576 170 73 même
6096 4578 132 72 dans
6252 4579 50 72 la
6328 4579 166 73 partie
6514 4580 66 72 où
6600 4581 70 72 un
6705 4581 161 74 passe

359 4624 139 73 auch
531 4623 85 73 für
645 4621 191 74 Reisen
871 4620 55 73 in
955 4618 199 74 diesem
1189 4615 291 75 passfreien
1511 4613 189 74 Gebiet
1723 4612 97 73 der
1843 4609 325 74 besonderen
2191 4606 285 74 Erlaubnis
2566 4604 102 82 ook
2704 4604 124 82 voor
2864 4604 170 82 reizen
3078 4604 54 82 in
3170 4604 78 82 dit
3292 4604 382 82 pasvrijgebied
3718 4604 62 82 de
3806 4604 310 82 bijzondere
4158 4604 252 82 toelating
4444 4604 102 82 van
4588 4604 92 82 het

4768 4648 118 68 port
4910 4649 130 68 n'est
5064 4650 118 68 plus
5206 4650 178 69 requis
5386 4652 14 68 .

359 4709 92 74 des
473 4701 342 80 zuständigen
837 4694 314 79 Meldeamts
1151 4694 14 72 .

2565 4689 235 78 bevoegd
2829 4689 21 74 «
2875 4685 287 78 Meldeamt
3185 4684 21 74 »
3235 4681 209 76 hebben
3448 4680 13 74 .

4852 4722 125 74 Tout
4996 4722 188 74 voyage
5202 4716 32 78 à
5258 4716 304 78 destination
5586 4716 58 78 de
5672 4716 270 78 l'étranger
5964 4716 130 78 n'est
6112 4716 228 78 autorisé
6360 4716 100 78 que
6480 4716 44 78 si
6544 4716 70 78 un
6636 4716 236 78 médecin

424 4783 194 73 Reisen
640 4783 59 72 in
720 4782 95 72 das
849 4779 247 74 Ausland
1119 4777 215 74 werden
1362 4776 103 73 nur
1487 4774 306 74 genehmigt
1793 4773 12 72 ,
1829 4772 158 73 wenn
2023 4771 85 73 ein
2137 4767 338 77 militärärzt-
2632 4776 198 72 Reizen
2866 4776 134 72 naar
3038 4776 78 72 het
3154 4776 296 72 buitenland
3484 4776 216 72 worden
3742 4776 168 72 alleen
3954 4776 300 72 toegestaan
4256 4776 12 72 ,
4298 4776 248 72 wanneer
4582 4776 96 72 een

4768 4795 245 75 militaire
5056 4795 187 75 atteste
5287 4795 101 75 que
5431 4795 59 75 ce
5531 4795 197 75 voyage
5771 4795 77 75 est
5893 4795 291 75 nécessaire
6182 4795 22 75 ,
6222 4795 124 75 qu'il
6372 4795 78 75 est
6467 4795 192 75 urgent
6690 4795 52 75 et
6767 4795 107 75 doit

356 4844 164 90 liches
546 4844 298 90 Gutachten
868 4844 341 90 bescheinigt
1193 4844 18 90 ,
1236 4844 118 90 dass
1380 4844 82 90 die
1502 4844 152 90 Reise
1680 4844 90 90 zur
1794 4844 296 90 Erhaltung
2116 4844 94 90 der
2236 4844 238 90 Gesund-
2566 4844 366 90 getuigschrift
2956 4844 102 90 van
3084 4844 96 90 een
3206 4844 354 90 krijgsdokter
3586 4844 268 90 verklaart
3856 4844 12 90 ,
3894 4844 90 90 dat
4010 4844 62 90 de
4110 4844 102 90 reis
4242 4844 76 90 tot
4342 4844 210 90 behoud
4576 4844 102 90 van
4768 4864 332 73 absolument
5124 4865 146 73 avoir
5295 4866 47 72 le
5369 4867 128 72 pays
5521 4868 216 73 indiqué
5762 4869 202 73 comme
5990 4870 96 72 but
6088 4870 11 72 .

357 4942 111 75 heit
489 4938 253 78 dringend
775 4935 345 77 erforderlich
1161 4933 69 75 ist
1269 4932 111 75 und
1421 4928 293 77 unbedingt
1747 4927 55 74 in
1835 4925 93 75 das
1963 4921 325 77 betreffende
2323 4919 149 75 Land

2565 4937 65 78 de
2653 4935 321 80 gezondheid
2999 4932 253 80 dringend
3273 4931 191 79 noodig
3481 4930 45 78 is
3545 4930 65 78 en
3629 4926 411 82 onbetwistbaar
4057 4926 55 78 in
4137 4925 91 78 het
4245 4922 291 81 betreffend
4555 4921 125 79 land
4836 4932 74 76 La
4934 4932 304 78 circulation
5262 4934 86 77 des
5369 4935 329 78 automobiles
5700 4937 12 76 ,
5744 4937 132 77 pour
5912 4938 224 77 laquelle
6178 4940 72 76 un
6292 4941 272 77 passeport
6606 4942 76 77 est
6724 4943 148 77 exigé

357 5020 401 65 unternommen
781 5017 215 64 werden
1021 5016 143 63 muss
1165 5015 13 62 .

2563 5018 141 59 moet
2723 5015 355 61 ondernomen
3103 5012 215 60 worden
3323 5012 13 58 .

4770 5013 131 74 dans
4942 5013 114 74 tout
5096 5013 48 74 le
5187 5013 259 74 territoire
5477 5013 69 74 du
5578 5013 422 74 Gouvernement
6041 5013 211 74 général
6255 5013 12 74 ,
6315 5013 136 74 reste
6499 5013 223 74 soumise
6770 5013 105 74 aux

423 5097 97 78 Die
543 5092 431 82 Bestimmungen
999 5091 85 79 für
1109 5090 103 78 den
1241 5084 565 83 Kraftwagenverkehr
1803 5083 22 78 ,
1849 5082 95 79 der
1959 5081 75 79 im
2059 5079 199 80 ganzen
2283 5077 191 80 Gebiet

2631 5103 77 84 De
2743 5100 317 87 bepalingen
3097 5099 65 85 op
3199 5098 91 85 het
3333 5094 537 88 motorwagenverkeer
3872 5094 19 84 ,
3937 5091 265 86 waarvoor
4237 5090 55 85 in
4335 5089 91 85 het
4465 5087 215 86 geheele
4769 5083 335 88 dispositions
5129 5083 117 85 déjà
5287 5082 46 84 en
5372 5079 209 87 vigueur
5587 5080 16 84 .

359 5179 89 74 des
479 5176 225 76 General
705 5176 27 74 -
733 5171 449 79 Gouvernements
1213 5164 625 81 passierscheinpflichtig
1867 5163 69 75 ist
1937 5163 13 74 ,
1975 5161 211 76 bleiben
2209 5160 55 74 in
2297 5158 164 75 Kraft
2453 5158 15 74 .

2564 5180 188 78 gebied
2776 5180 92 78 des
2894 5180 224 78 General
3120 5180 26 78 -
3150 5180 448 78 Gouvernements
3624 5180 96 78 een
3746 5180 246 78 paspoort
4010 5180 262 78 vereischt
4290 5180 181 78 wordt
4456 5180 16 78 ,
4488 5180 192 78 blijven

4835 5161 98 68 Les
4965 5160 328 69 dispositions
5337 5159 68 68 du
5449 5159 62 68 10
5555 5158 210 69 octobre
5807 5157 132 69 1915
5989 5156 318 69 concernant
6349 5155 48 68 la
6441 5154 302 69 circulation
6789 5153 84 69 des

427 5256 155 71 Auch
611 5255 85 71 die
727 5251 431 73 Bestimmungen
1187 5249 133 71 über
1351 5248 101 70 den
1487 5243 463 74 Fahrradverkehr
1979 5240 121 72 vom
2129 5240 79 71 10.
2239 5237 235 73 Oktober

2564 5267 104 62 van
2691 5259 196 66 kracht
2878 5258 17 59 .

4770 5232 278 74 bicyclettes
5074 5232 198 74 restent
5296 5232 294 74 également
5614 5232 64 74 en
5704 5232 220 74 vigueur
5926 5232 16 74 .
5984 5232 78 74 En
6094 5232 88 74 cas
6210 5232 321 74 d'infraction
6534 5232 16 74 ,
6576 5232 66 74 on
6668 5232 188 74 pourra
6860 5232 14 74 ,

361 5335 131 76 1915
517 5333 209 77 bleiben
751 5330 357 78 unverändert
1147 5329 55 76 in
1231 5327 157 77 Kraft
1383 5327 16 76 .
1423 5326 97 77 Bei
1551 5325 161 77 deren
1743 5321 393 79 Uebertretung
2165 5320 145 77 kann
2335 5319 139 77 auch
2631 5318 117 101 Ook
2771 5319 64 101 de
2861 5321 314 103 bepalingen
3200 5325 103 101 van
3329 5326 63 101 10
3419 5328 236 102 Oktober
3681 5331 133 101 1915
3850 5333 65 101 op
3959 5334 101 101 het
4073 5335 396 106 rijwielverkeer
4477 5341 203 102 blijven
4768 5344 284 105 bicyclette
5078 5349 101 101 qui
5203 5350 117 101 aura
5353 5352 132 103 servi
5509 5354 374 106 abusivement
5870 5359 25 100 .

4768 5298 148 84 entre
4942 5298 176 84 autres
5120 5298 10 84 ,
5156 5298 294 84 prononcer
5490 5298 50 84 la
5582 5298 338 84 confiscation
5962 5298 312 84 temporaire
6320 5298 66 84 ou
6428 5298 264 84 définitive
6730 5298 64 84 de
6822 5298 52 84 la

363 5416 81 69 die
469 5412 323 72 Einziehung
817 5410 91 69 des
933 5403 439 74 missbräuchlich
1393 5399 279 71 benutzten
1693 5394 297 72 Fahrrades
2103 5397 96 56 auf
2213 5396 116 57 Zeit
2347 5395 128 57 oder

2566 5418 336 82 ongewijzigd
2926 5418 102 82 van
3048 5418 178 82 kracht
3230 5418 34 82 .
3299 5418 83 82 Bij
3394 5418 92 82 het
3510 5418 310 82 overtreden
3858 5418 160 82 ervan
4044 5418 106 82 kan
4178 5418 256 82 eveneens
4462 5418 64 82 de
4562 5418 118 82 ver

363 5495 237 72 dauernd
622 5493 68 71 -
713 5490 209 73 verfügt
944 5487 211 73 werden
1160 5487 11 70 .

4836 5450 188 74 Seront
5058 5450 184 74 punies
5278 5450 76 74 les
5390 5450 284 74 personnes
5704 5450 90 74 qui
5818 5450 236 74 utilisent
6078 5450 90 74 des
6194 5450 296 74 passeports
6516 5450 64 74 en
6604 5450 100 74 vue
6730 5450 62 74 de
6818 5450 54 74 se

2568 5500 472 74 beurdverklaring
3080 5500 102 74 van
3224 5500 92 74 het
3358 5500 366 74 ongeoorloofd
3756 5500 248 74 gebruikt
4034 5500 192 74 rijwiel
4375 5498 214 77 tijdelijk
4628 5495 57 74 of

433 5572 95 71 Die
581 5568 311 73 Benutzung
937 5566 101 71 von
1085 5558 461 77 Passierscheinen
1597 5558 61 70 zu
1711 5554 191 72 Reisen
1955 5552 137 71 nach
2135 5549 165 72 Orten
2351 5547 127 71 oder

4770 5520 188 80 rendre
4984 5520 130 80 dans
5140 5520 90 80 des
5254 5520 230 80 endroits
5510 5520 66 80 ou
5600 5520 92 80 des
5718 5520 128 80 pays
5870 5520 134 80 pour
6041 5520 217 80 lesquels
6276 5520 64 80 ils
6360 5520 146 80 n'ont
6528 5520 92 80 pas
6642 5520 80 80 été
6742 5520 132 80 déli

2565 5587 126 66 voor
2715 5586 130 66 goed
2959 5576 373 83 uitgesproken
3357 5571 213 80 worden
3575 5571 12 74 .

4768 5596 118 72 vrés
4910 5596 52 72 et
4986 5596 76 72 les
5088 5596 282 72 personnes
5394 5596 92 72 qui
5512 5596 278 72 dépassent
5824 5596 52 72 la
5912 5596 160 72 durée
6110 5596 62 72 de
6204 5596 214 72 validité
6442 5596 92 72 des
6558 5596 293 72 passeports
6854 5596 17 72 .

365 5647 237 74 Ländern
607 5647 17 72 ,
649 5646 85 72 für
755 5645 85 72 die
871 5644 73 72 sie
971 5642 141 73 nicht
1141 5638 305 75 ausgestellt
1475 5637 115 73 sind
1595 5637 11 72 ,
1633 5635 109 73 und
1767 5634 85 73 die
1875 5629 481 77 Ueberschreitung
2385 5628 93 72 der

2635 5675 108 72 Het
2767 5673 306 74 benuttigen
3111 5673 102 72 van
3239 5671 314 74 paspoorten
3591 5670 124 73 voor
3751 5669 170 73 reizen
3957 5669 130 72 naar
4125 5667 236 73 plaatsen
4393 5667 56 72 of
4473 5666 190 73 landen
4667 5666 12 72 ,
4838 5668 98 78 Les
4962 5668 258 78 titulaires
5245 5668 91 78 des
5360 5668 298 78 passeports
5684 5668 50 78 et
5770 5668 92 78 des
5890 5668 280 78 certificats
6202 5668 268 78 d'identité
6496 5668 288 78 répondent
6808 5668 64 78 de

367 5724 483 79 Gültigkeitsdauer
873 5721 101 74 von
999 5712 457 81 Passierscheinen
1483 5710 133 74 wird
1641 5706 228 76 bestraft
1859 5706 16 72 .

2568 5744 126 78 voor
2716 5744 170 78 welke
2917 5744 69 78 zij
2996 5744 108 78 niet
3124 5744 214 78 werden
3364 5744 304 78 afgeleverd
3672 5744 12 78 ,
3710 5744 210 78 evenals
3946 5744 90 78 het
4060 5744 372 78 tebuitengaan
4452 5744 104 78 van
4580 5744 100 78 den
4768 5744 52 74 la
4844 5744 360 74 conservation
5242 5744 62 74 de
5332 5744 84 74 ces
5452 5744 174 74 pièces
5630 5744 10 74 .
5670 5744 54 74 Si
5750 5744 124 74 elles
5898 5744 248 74 viennent
6170 5744 30 74 à
6226 5744 310 74 disparaitre
6540 5744 10 74 ,
6576 5744 64 74 ils
6666 5744 208 74 doivent

433 5808 95 63 Die
563 5806 233 64 Inhaber
835 5804 101 63 von
973 5798 459 67 Passierscheinen
1467 5797 109 63 und
1617 5793 251 65 Personal
1871 5793 27 62 -
1899 5789 307 66 Ausweisen
2241 5788 119 63 sind
2395 5786 85 63 für

2568 5830 466 75 geldigheidsduur
3058 5830 102 72 van
3186 5827 313 74 paspoorten
3525 5826 170 73 wordt
3719 5824 214 74 gestraft
3943 5824 10 72 .

4770 5816 64 80 en
4860 5816 244 80 prévenir
5126 5816 448 80 immédiatement
5598 5816 48 80 le
5672 5816 200 80 bureau
5916 5816 59 80 de
6008 5816 298 80 passeports
6346 5816 298 80 compétent
6668 5816 132 80 pour
6822 5816 52 80 la

367 5888 161 71 deren
571 5881 443 76 Aufbewahrung
1053 5875 420 75 verantwortlich
1484 5874 14 70 .
1553 5873 101 71 Ein
1707 5865 549 76 Abhandenkommen
2307 5862 173 71 dieser

2638 5910 76 82 De
2740 5910 226 82 houders
3002 5910 102 82 van
3130 5910 316 82 paspoorten
3474 5910 64 82 en
3576 5910 664 82 eenzelvigheidsbewijzen
4262 5910 96 82 zijn
4384 5910 124 82 voor
4532 5910 150 82 dezer

4771 5891 208 69 localité
5005 5892 65 69 où
5095 5892 63 69 ils
5183 5893 301 70 séjournent
5508 5894 31 69 à
5564 5894 59 70 ce
5648 5895 242 70 moment
5878 5896 17 69 .

367 5961 223 76 Papiere
609 5959 173 75 haben
801 5958 75 74 sie
897 5953 371 78 unverzüglich
1287 5950 121 76 dem
1429 5950 85 74 für
1535 5948 153 75 ihren
1715 5943 315 78 derzeitigen
2055 5938 427 79 Aufenthaltsort

2570 5994 210 74 behoud
2828 5994 484 74 verantwoordelijk
3316 5994 18 74 .
3376 5994 110 74 Een
3534 5994 296 74 zoekraken
3874 5994 150 74 dezer
4070 5994 252 74 papieren
4372 5994 206 74 moeten
4620 5994 58 74 zij

4838 5960 44 78 Il
4926 5960 78 78 est
5046 5960 366 78 recommandé
5454 5960 104 78 aux
5600 5960 278 78 intéressés
5924 5960 64 78 de
6032 5960 136 78 tenir
6210 5960 204 78 compte
6452 5960 62 78 de
6556 5960 206 78 l'arrêté
6806 5960 68 78 du

365 6041 340 81 zuständigen
733 6035 264 78 Passbüro
1019 6033 64 74 zu
1105 6028 208 77 melden
1317 6028 12 72 .

2572 6070 304 80 onverwijld
2896 6070 66 80 bij
2986 6070 92 80 het
3094 6070 126 80 voor
3240 6070 178 80 hunne
3438 6070 252 80 tijdelijke
3710 6070 378 80 verblijfplaats
4114 6070 232 80 bevoegd
4366 6070 318 80 paskantoor

4772 6036 72 82 1er
4880 6036 132 82 avril
5038 6036 132 82 1916
5214 6036 52 82 et
5306 6036 90 82 des
5434 6036 332 82 dispositions
5808 6036 356 82 mentionnées
6196 6036 90 82 sur
6320 6036 48 82 le
6406 6036 270 82 passeport
6712 6036 164 82 quant

433 6119 211 74 Wegen
685 6118 93 73 der
819 6114 291 75 Mitnahme
1151 6113 101 73 von
1295 6110 203 74 Briefen
1504 6110 17 72 ,
1545 6105 365 76 schriftlichen
1957 6101 369 76 Mitteilungen
2373 6099 109 73 und

2571 6156 206 59 melden
2783 6156 12 58 .

4771 6119 68 70 au
4865 6117 264 72 transport
5131 6117 12 70 ,
5169 6117 96 70 par
5305 6116 76 70 les
5421 6114 290 71 voyageurs
5713 6114 10 70 ,
5755 6113 64 70 de
5861 6112 180 71 lettres
6043 6112 12 70 ,
6081 6111 62 70 de
6187 6108 464 73 communications
6689 6106 186 71 écrites

367 6198 377 75 Drucksachen
769 6196 133 73 aller
923 6194 103 73 Art
1049 6193 109 73 und
1183 6191 183 73 wegen
1391 6189 95 73 der
1509 6185 297 76 Mitnahme
1831 6184 101 73 von
1957 6183 133 73 Geld
2115 6181 127 73 oder
2265 6177 217 75 Geldes

4771 6191 52 72 et
4847 6189 320 74 d'imprimés
5191 6187 352 74 quelconques
5567 6186 134 73 ainsi
5725 6185 102 73 que
5851 6184 236 73 d'argent
6111 6183 52 73 et
6189 6183 62 72 de
6277 6181 211 74 valeurs
6486 6181 14 72 .

367 6280 131 79 wert
537 6278 133 79 wird
711 6276 97 79 auf
837 6275 85 78 die
965 6270 349 82 Verordnung
1337 6267 121 80 vom
1483 6267 43 78 1.
1551 6264 153 80 April
1729 6263 133 79 1916
1887 6261 111 79 und
2021 6259 97 79 auf
2145 6258 83 79 die
2263 6255 168 80 Bestim

2640 6232 324 84 Aangaande
2996 6232 92 84 het
3112 6232 344 84 medenemen
3498 6232 102 84 van
3632 6232 214 84 brieven
3850 6232 10 84 ,
3886 6232 342 84 schriftelijke
4258 6232 426 84 mededeelingen

2572 6312 66 76 en
2664 6312 288 76 drukwerk
2988 6312 276 76 allerhand
3266 6312 12 76 ,
3304 6312 180 76 alsook
3526 6312 308 76 aangaande
3876 6312 92 76 het
4004 6312 342 76 medenemen
4370 6312 102 76 van
4496 6312 118 76 geld
4636 6312 56 76 of

367 6361 231 76 mungen
619 6360 99 73 auf
735 6357 121 75 dem
881 6352 391 77 Passierschein
1297 6346 347 77 hingewiesen
1647 6345 20 72 .

2574 6392 368 80 geldwaarden
2970 6392 172 80 wordt
3176 6392 132 80 naar
3332 6392 64 80 de
3428 6392 364 80 Verordening
3820 6392 102 80 van
3952 6392 20 80 1
4018 6392 152 80 April
4196 6392 132 80 1916
4366 6392 64 80 en
4468 6392 130 80 naar
4620 6392 64 80 de

4842 6350 306 82 Quiconque
5190 6350 226 82 enfreint
5452 6350 74 82 les
5562 6350 332 82 dispositions
5930 6350 68 82 du
6036 6350 420 82 Gouvernement
6474 6350 212 82 général
6714 6350 166 82 régle

4777 6431 234 74 mentant
5051 6430 224 74 l'emploi
5311 6429 92 75 des
5429 6428 296 75 passeports
5763 6428 50 74 et
5849 6428 50 74 la
5935 6426 308 75 circulation
6279 6426 92 74 des
6401 6425 304 75 bicyclettes
6729 6424 48 74 et
6781 6424 12 74 ,
6813 6424 64 74 en

2573 6478 316 71 bepalingen
2915 6477 64 71 op
3007 6477 92 70 het
3127 6475 248 71 paspoort
3399 6474 266 71 verwezen
3669 6473 10 70 .

4778 6500 306 76 particulier
5086 6500 12 76 ,
5122 6500 300 76 quiconque
5418 6500 18 76 ,
5458 6500 64 76 en
5548 6500 190 76 faisant
5758 6500 90 76 des
5886 6500 346 76 déclarations
6266 6500 266 76 inexactes
6534 6500 12 76 ,
6570 6500 54 76 se
6660 6500 220 76 procure

437 6562 139 61 Wer
599 6561 101 60 den
723 6559 103 61 von
851 6558 101 61 mir
975 6556 87 61 für
1085 6555 95 61 das
1203 6551 309 64 Passwesen
1551 6550 111 61 und
1691 6548 103 61 den
1821 6542 471 65 Fahrradverkehr
2325 6539 154 63 erlas

4778 6572 66 78 ou
4870 6572 224 78 cherche
5116 6572 26 78 à
5164 6572 54 78 se
5244 6572 250 78 procurer
5518 6572 72 78 un
5616 6572 90 78 des
5738 6572 280 78 certificats
6044 6572 122 78 dont
6204 6572 50 78 la
6290 6572 290 78 possession
6622 6572 78 78 est
6734 6572 146 78 pres

373 6642 161 69 senen
585 6635 429 73 Bestimmungen
1069 6628 447 74 zuwiderhandelt
1518 6627 11 68 ,
1563 6622 373 73 insbesondere
1939 6622 11 68 ,
1985 6620 111 69 wer
2147 6618 113 69 sich
2315 6613 169 71 durch

4779 6651 132 72 crite
4911 6651 16 72 ;
4964 6649 293 73 quiconque
5282 6649 64 72 ne
5389 6647 215 73 possède
5627 6647 93 72 pas
5745 6646 48 72 le
5830 6645 256 73 certificat
6110 6644 124 73 qu'il
6265 6643 78 73 est
6373 6642 169 73 obligé
6580 6641 194 73 d'avoir
6798 6641 65 72 ou
6866 6641 12 72 ,

375 6715 297 78 unrichtige
713 6712 259 78 Angaben
1013 6710 117 77 eine
1171 6708 95 77 der
1305 6703 507 81 vorgeschriebenen
1851 6697 493 81 Bescheinigungen
2367 6695 121 78 ver

2646 6748 124 74 Wie
2798 6748 120 74 deze
2944 6748 128 74 door
3096 6748 99 74 mij
3181 6748 18 74 ,
3218 6748 126 74 voor
3370 6748 90 74 het
3484 6748 270 74 paswezen
3774 6748 66 74 en
3858 6748 92 74 het
3968 6748 406 74 rijwielverkeer
4392 6748 298 74 uitgevaar

4778 6716 408 74 contrairement
5198 6716 104 74 aux
5316 6716 330 74 dispositions
5666 6716 64 74 en
5744 6716 222 74 vigueur
5958 6716 18 74 ,
5996 6716 116 74 n'en
6126 6716 78 74 est
6220 6716 94 74 pas
6334 6716 214 74 porteur
6554 6716 12 74 ;
6586 6716 292 74 quiconque

375 6790 191 77 schafft
583 6789 127 77 oder
725 6789 61 76 zu
807 6787 325 78 verschaffen
1151 6785 155 77 sucht
1307 6785 11 76 ,
1321 6785 111 76 wer
1449 6784 117 76 eine
1579 6780 469 79 vorgeschriebene
2063 6777 423 79 Bescheinigung

2578 6826 154 76 digde
2776 6826 314 76 bepalingen
3132 6826 296 76 overtreedt
3430 6826 12 76 ,
3482 6826 370 76 inzonderheid
3856 6826 10 76 ,
3892 6826 98 76 wie
4028 6826 112 76 zich
4166 6826 126 76 door
4316 6826 222 76 onjuiste
4564 6826 126 76 aan

4780 6788 146 78 prête
4952 6788 70 78 un
5044 6788 68 78 tel
5134 6788 256 78 certificat
5414 6788 30 78 à
5470 6788 72 78 un
5566 6788 126 78 tiers
5728 6788 106 78 afin
5864 6788 100 78 que
5996 6788 147 78 celui
6147 6788 13 78 -
6164 6788 44 78 ci
6244 6788 106 78 s'en
6386 6788 146 78 serve
6541 6788 11 78 ;
6588 6788 292 78 quiconque

372 6873 164 71 nicht
541 6872 191 70 besitzt
720 6872 18 68 ,
757 6871 101 69 den
879 6867 359 72 Vorschriften
1261 6864 231 71 zuwider
1513 6863 149 69 nicht
1687 6862 85 69 bei
1795 6861 115 69 sich
1929 6859 148 70 führt
2072 6859 18 68 ,
2103 6858 127 69 oder
2253 6855 233 70 anderen

4780 6860 226 80 enfreint
5030 6860 74 80 les
5130 6860 332 80 dispositions
5488 6860 242 80 relatives
5750 6860 98 80 soit
5872 6860 32 80 à
5928 6860 316 80 l'obligation
6276 6860 64 80 de
6366 6860 128 80 faire
6520 6860 102 80 une
6648 6860 236 80 déclara

375 6957 91 76 zur
489 6952 309 80 Benutzung
821 6949 261 79 überlässt
1084 6948 13 76 ,
1119 6947 111 77 wer
1255 6945 101 77 den
1383 6940 363 81 Vorschriften
1771 6938 135 78 über
1927 6935 255 79 Meldung
2217 6933 87 77 bei
2341 6931 147 78 einer

2575 6909 164 78 giften
2761 6908 94 78 een
2877 6907 94 79 der
2987 6904 446 81 voorgeschreven
3455 6903 246 79 bewijzen
3721 6901 266 79 verschaft
4005 6901 58 78 of
4077 6899 174 79 tracht
4271 6899 48 78 te
4341 6897 316 80 verschaffen
4672 6897 17 78 ;

4781 6943 106 70 tion
4929 6943 30 70 à
4997 6942 70 70 un
5109 6941 200 71 bureau
5359 6940 62 70 de
5465 6938 298 72 passeports
5797 6937 100 71 soit
5937 6937 30 70 à
6005 6937 50 70 la
6097 6935 294 71 restitution
6437 6934 122 70 d'un
6601 6932 258 72 certificat
6869 6932 14 70 ;

375 7035 275 74 Passstelle
650 7034 18 72 ,
691 7033 135 73 über
849 7029 347 75 Ablieferung
1219 7027 95 73 der
1337 7022 425 77 Bescheinigung
1801 7021 129 73 oder
1969 7019 103 73 den
2111 7017 113 73 ihm
2259 7015 87 74 für
2369 7014 117 73 eine

2575 6989 100 76 wie
2713 6988 94 77 een
2843 6985 448 79 voorgeschreven
3325 6984 182 77 bewijs
3531 6983 110 77 niet
3665 6982 134 77 bezit
3801 6982 10 76 ,
3837 6982 54 76 in
3917 6980 148 78 strijd
4091 6980 106 76 met
4223 6979 62 77 de
4311 6977 380 78 voorschriften

4782 7006 294 86 quiconque
5124 7006 268 86 n'observe
5446 7006 94 86 pas
5594 7006 78 86 les
5716 7006 372 86 prescriptions
6130 7006 254 86 spéciales
6430 7006 86 86 qui
6557 7006 75 86 lui
6662 7006 90 86 ont
6804 7006 80 86 été

2576 7062 110 78 niet
2710 7062 68 78 bij
2806 7062 112 78 zich
2944 7062 186 78 draagt
3168 7062 56 78 of
3264 7062 90 78 het
3380 7062 158 78 derde
3570 7062 258 78 personen
3856 7062 108 78 laat
3988 7062 283 78 gebruiken
4283 7062 21 78 ;
4330 7062 98 78 wie
4454 7062 64 78 de
4542 7062 152 78 voor

371 7110 157 71 Reise
551 7108 241 72 erteilten
819 7104 553 74 Sondervorschriften
1393 7100 451 73 zuwiderhandelt
1885 7099 109 70 und
2017 7098 113 70 wer
2163 7096 115 71 sich
2323 7095 141 71 unbe

4784 7082 228 78 données
5052 7082 64 78 en
5152 7082 100 78 vue
5278 7082 122 78 d'un
5440 7082 200 78 voyage
5646 7082 12 78 ;
5684 7082 294 78 quiconque
5980 7082 12 78 ,
6022 7082 122 78 sans
6178 7082 32 78 y
6232 7082 108 78 être
6370 7082 226 78 autorisé
6598 7082 12 78 ,
6646 7082 238 78 séjourne

2564 7140 268 84 schriften
2868 7140 66 84 op
2970 7140 92 84 het
3098 7140 268 84 aangeven
3401 7140 86 84 bij
3504 7140 96 84 een
3626 7140 323 84 paskantoor
3941 7140 19 84 ,
3986 7140 64 84 op
4082 7140 96 84 het
4192 7140 260 84 afleveren
4476 7140 102 84 van
4604 7140 90 84 het

375 7193 227 70 rechtigt
625 7191 73 69 im
723 7186 509 73 Grenzzonengebiet
1255 7183 209 70 aufhält
1465 7183 13 68 ,
1501 7181 159 70 sowie
1685 7180 87 68 ein
1797 7177 247 70 Beamter
2045 7176 11 68 ,
2081 7175 95 69 der
2205 7173 117 70 eine
2349 7172 137 69 nach

4786 7158 130 82 dans
4948 7158 50 82 la
5028 7158 131 82 zone
5161 7158 18 82 -
5183 7158 241 82 frontière
5422 7158 18 82 ,
5466 7158 116 82 sera
5606 7158 226 82 passible
5874 7158 100 82 soit
5996 7158 152 82 d'une
6180 7158 152 82 peine
6362 7158 528 82 d'emprisonnement

2579 7225 182 74 bewijs
2796 7225 57 74 of
2884 7225 63 74 de
2984 7225 123 74 hem
3143 7225 126 74 voor
3305 7225 126 74 eene
3469 7225 102 74 reis
3607 7225 339 74 afzonderlijk
3996 7225 279 74 opgelegde
4314 7225 380 74 voorschriften

375 7271 101 80 den
505 7266 431 84 Bestimmungen
959 7261 377 84 erforderliche
1361 7257 423 84 Bescheinigung
1807 7255 97 81 aus
1929 7253 215 82 Vorsatz
2169 7251 127 81 oder
2319 7248 171 82 Fahr

4783 7239 63 82 de
4867 7238 167 83 police
5053 7238 65 82 ou
5145 7235 377 84 correctionnel
5543 7233 231 84 pouvant
5807 7232 259 83 atteindre
6093 7230 128 84 trois
6235 7230 103 82 ans
6361 7229 99 83 soit
6485 7228 151 83 d'une
6667 7226 225 84 amende

2580 7298 296 75 overtreedt
2914 7299 66 74 en
3014 7300 100 74 wie
3150 7301 112 74 zich
3266 7301 10 74 ,
3314 7301 190 75 zonder
3536 7303 212 75 daartoe
3774 7304 304 75 gerechtigd
4106 7306 50 74 te
4182 7306 89 74 zijn
4275 7307 19 74 ,
4318 7307 54 74 in
4398 7307 92 75 het
4513 7308 154 74 grens

375 7347 271 74 lässigkeit
685 7344 267 74 unrichtig
993 7342 127 73 oder
1159 7338 389 76 unvollständig
1589 7335 239 75 ausstellt
1869 7334 127 73 oder
2025 7333 83 72 die
2145 7329 345 75 Ausstellung

4784 7312 64 76 de
4896 7312 64 76 20
4982 7312 96 76 000
5122 7312 172 76 marcs
5336 7312 66 76 au
5446 7312 116 76 plus
5564 7312 12 76 ,
5614 7312 28 76 à
5684 7312 168 76 moins
5898 7312 102 76 que
6044 7312 224 76 d'autres
6304 7312 328 76 dispositions
6654 7312 232 76 pénales

377 7426 137 73 ohne
559 7423 413 75 hinreichenden
1019 7420 185 74 Grund
1263 7417 309 75 verweigert
1575 7417 13 72 ,
1645 7415 135 73 wird
1781 7415 13 72 ,
1853 7413 175 74 sofern
2085 7411 151 74 nicht
2293 7409 195 74 andere

2580 7384 314 80 zonegebied
2918 7384 234 80 ophoudt
3154 7384 12 80 ,
3198 7384 210 80 evenals
3434 7384 96 80 een
3562 7384 240 80 beambte
3804 7384 24 80 ,
3834 7384 80 80 die
3936 7384 98 80 een
4052 7384 214 80 volgens
4290 7384 64 80 de
4380 7384 312 80 bepalingen
4784 7384 118 80 plus
4928 7384 328 80 rigoureuses
5280 7384 64 80 ne
5370 7384 168 80 soient
5562 7384 322 80 applicables
5888 7384 12 80 .
5928 7384 80 80 On
6028 7384 192 80 pourra
6240 7384 140 80 aussi
6406 7384 276 80 appliquer
6709 7384 175 80 simul

379 7501 293 72 schwerere
713 7496 571 75 Strafbestimmungen
1325 7494 351 72 Anwendung
1717 7492 164 71 finden
1889 7492 17 70 ,
1949 7491 97 70 mit
2089 7490 129 70 Haft
2243 7488 127 71 oder
2395 7487 95 71 mit

2582 7462 260 80 vereischt
2890 7462 180 80 bewijs
3118 7462 296 80 opzettelijk
3462 7462 56 80 of
3560 7462 78 80 uit
3686 7462 322 80 nalatigheid
4064 7462 192 80 onjuist
4304 7462 56 80 of
4400 7462 294 80 onvolledig
4784 7456 268 78 tanément
5078 7456 252 78 l'amende
5374 7456 52 78 et
5468 7456 48 78 la
5560 7456 150 78 peine
5754 7456 536 78 d'emprisonnement
6279 7456 18 78 .
6336 7456 98 78 Les
6476 7456 196 78 mêmes
6708 7456 178 78 peines

381 7579 287 70 Gefängnis
691 7578 81 68 bis
797 7577 59 68 zu
883 7576 29 68 3
937 7574 203 70 Jahren
1165 7572 127 69 oder
1315 7571 97 69 mit
1435 7567 295 71 Geldstrafe
1762 7566 78 69 bis
1867 7566 61 68 zu
1953 7565 65 68 20
2045 7563 97 69 000
2169 7562 53 69 M
2251 7560 226 70 bestraft
2474 7560 14 68 .
2582 7540 218 78 aflevert
2824 7540 56 78 of
2898 7540 64 78 de
2988 7540 286 78 aflevering
3298 7540 190 78 zonder
3510 7540 288 78 voldoende
3824 7540 160 78 reden
4010 7540 216 78 weigert
4228 7540 10 78 ,
4252 7540 180 78 wordt
4417 7540 17 78 ,
4452 7540 240 78 zooverre
4784 7530 308 72 frapperont
5134 7530 46 72 le
5224 7530 378 72 fonctionnaire
5644 7530 90 72 qui
5738 7530 12 72 ,
5788 7530 546 72 intentionnellement
6358 7530 64 72 ou
6448 7530 96 72 par
6568 7530 304 72 négligence
6874 7530 12 72 ,

383 7657 94 68 Die
503 7655 294 70 Geldstrafe
821 7654 144 68 kann
991 7652 136 69 auch
1153 7651 172 69 neben
1349 7650 146 69 einer
1519 7647 420 70 Freiheitsstrafe
1971 7645 258 69 verhängt
2257 7643 214 69 werden
2475 7643 12 68 .

2582 7620 162 74 geene
2780 7620 194 74 andere
2976 7620 12 74 ,
3024 7620 296 74 zwaardere
3356 7620 138 74 straf
3500 7620 312 74 bepalingen
3848 7620 102 74 van
3986 7620 298 74 toepassing
4322 7620 91 74 zijn
4416 7620 18 74 ,
4466 7620 108 74 met
4606 7620 88 74 ten

4784 7604 176 72 dresse
4992 7604 152 72 d'une
5180 7604 232 72 manière
5438 7604 238 72 inexacte
5708 7604 64 72 ou
5802 7604 312 72 incomplète
6156 7604 72 72 un
6270 7604 254 72 certificat
6566 7604 164 72 rendu
6756 7604 132 72 obli

2582 7692 214 82 hoogste
2832 7692 32 82 3
2894 7692 120 82 jaar
3032 7692 290 82 hechtenis
3358 7692 58 82 of
3444 7692 318 82 gevangenis
3798 7692 56 82 of
3884 7692 108 82 met
4026 7692 86 82 ten
4144 7692 212 82 hoogste
4392 7692 178 82 20.000
4602 7692 92 82 mk

4783 7676 207 75 gatoire
5009 7676 96 74 par
5129 7675 76 75 les
5231 7673 330 76 dispositions
5585 7673 64 74 en
5675 7672 224 75 vigueur
5889 7672 18 74 ,
5941 7671 64 74 ou
6037 7670 120 75 bien
6185 7670 90 74 qui
6277 7669 12 74 ,
6315 7669 120 74 sans
6465 7668 154 74 motif
6637 7666 246 76 suffisant
6869 7666 16 74 ,

453 7733 287 74 Zuständig
779 7732 117 72 sind
937 7730 85 73 die
1063 7727 289 75 deutschen
1393 7723 435 76 Militärgerichte
1875 7721 109 73 und
2029 7718 202 75 Militär
2234 7719 22 72 -
2264 7716 229 75 Befehls

4788 7750 170 58 refuse
4984 7750 64 58 de
5074 7750 226 58 délivrer
5324 7750 72 58 un
5422 7750 70 58 tel
5518 7750 261 58 certificat
5774 7750 15 58 .

2584 7774 152 76 boete
2756 7774 225 76 gestraft
2969 7774 19 76 .
3004 7774 164 76 Naast
3186 7774 454 76 gevangenzitting
3658 7774 106 76 kan
3784 7774 100 76 ook
3904 7774 150 76 boete
4074 7774 372 76 uitgesproken
4462 7774 214 76 worden
4680 7774 12 76 .

385 7815 166 54 haber
553 7815 10 54 .

4856 7814 98 78 Les
4978 7814 308 78 infractions
5310 7814 174 78 seront
5502 7814 184 78 jugées
5712 7814 96 78 par
5832 7814 76 78 les
5934 7814 282 78 tribunaux
6258 7814 66 78 ou
6366 7814 74 78 les
6472 7814 250 78 autorités
6750 7814 138 78 mili

452 7887 698 75 Eisenbahngesellschaften
1152 7887 18 71 ,
1195 7886 167 72 denen
1388 7885 83 72 die
1496 7883 362 73 Beförderung
1881 7882 102 71 von
2008 7880 325 73 Fahrgästen
2357 7879 135 72 ohne
2652 7860 242 78 Bevoegd
2920 7860 98 78 zijn
3042 7860 64 78 de
3132 7860 252 78 Duitsche
3408 7860 530 78 krijgsrechtbanken
3966 7860 57 78 en
4054 7860 542 78 krijgsbevelhebbers
4591 7860 19 78 .

4788 7890 160 58 taires
4972 7890 288 58 allemands
5266 7890 10 58 .

387 7967 387 76 Passierschein
803 7965 271 75 untersagt
1099 7964 67 74 ist
1167 7964 13 74 ,
1209 7963 173 75 haben
1411 7962 87 74 für
1519 7961 121 74 jede
1671 7957 519 77 Zuwiderhandlung
2219 7956 115 74 eine
2361 7955 134 74 Ord-
2654 7954 719 78 Spoorwegmaatschappijen
3381 7954 19 75 ,
3436 7953 137 75 wien
3610 7952 90 75 het
3724 7951 263 76 verboden
4014 7950 44 75 is
4096 7949 241 76 reizigers
4362 7948 190 75 zonder

4583 7974 107 53 pas-
4855 7963 98 74 Les
4973 7961 334 76 compagnies
5327 7961 62 74 de
5409 7959 208 75 chemin
5639 7959 62 74 de
5723 7958 78 75 fer
5819 7957 306 75 auxquelles
6143 7955 208 75 défense
6377 7955 78 74 est
6473 7954 124 74 faite
6623 7953 62 75 de
6716 7952 153 75 trans

387 8045 330 76 nungsstrafe
753 8045 100 74 von
889 8044 32 74 3
957 8044 80 74 bis
1071 8043 64 74 30
1169 8043 54 74 M
1255 8042 60 74 zu
1349 8041 184 75 zahlen
1537 8040 8 74 .
1589 8040 94 74 Bei
1709 8037 326 76 Weigerung
2039 8037 10 74 ,
2079 8037 82 74 die
2187 8034 308 77 Ordnungs-
2585 8037 150 66 poort
2761 8037 50 66 te
2835 8035 279 67 vervoeren
3123 8035 12 66 ,
3175 8034 206 67 moeten
3419 8033 124 67 voor
3581 8032 116 67 elke
3735 8031 332 67 overtreding
4099 8030 126 66 eene
4247 8029 154 67 boete
4433 8028 100 67 van
4565 8028 30 66 3
4621 8028 76 66 tot
4788 8030 178 76 porter
4990 8030 92 76 des
5106 8030 288 76 voyageurs
5420 8030 104 76 non
5548 8030 230 76 pourvus
5802 8030 64 76 de
5892 8030 296 76 passeports
6190 8030 12 76 ,
6228 8030 250 76 payeront
6482 8030 10 76 ,
6524 8030 132 76 pour
6684 8030 202 76 chaque

387 8127 160 70 strafe
583 8126 61 70 zu
679 8125 179 71 zahlen
863 8124 13 70 ,
914 8124 109 70 und
1056 8123 87 70 bei
1179 8121 272 71 mehrfach
1492 8118 377 73 wiederholten
1911 8114 585 74 Zuwiderhandlungen
2588 8106 62 78 30
2696 8106 90 78 mk
2824 8106 208 78 betalen
3036 8106 12 78 .
3088 8106 77 78 Bij
3200 8106 284 78 weigering
3520 8106 120 78 deze
3678 8106 150 78 boete
3868 8106 50 78 te
3954 8106 210 78 betalen
4190 8106 64 78 en
4280 8106 69 78 bij
4388 8106 308 78 meermaals
4789 8101 88 78 cas
4902 8101 63 78 de
4991 8101 388 78 contravention
5380 8101 19 78 ,
5449 8101 100 78 une
5590 8101 224 78 amende
5849 8101 353 78 disciplinaire
6245 8101 25 78 (
6272 8101 430 78 Ordnungsstrafe
6706 8101 20 78 )
6768 8101 63 78 de
6855 8101 33 78 3

392 8194 140 78 kann
556 8194 160 78 ihnen
742 8194 168 78 durch
936 8194 82 78 die
1038 8194 370 78 Gouverneure
1434 8194 94 78 der
1546 8194 414 78 Weiterbetrieb
1980 8194 272 78 untersagt
2270 8194 210 78 werden
2486 8194 10 78 .
2588 8188 286 77 herhaalde
2895 8188 398 77 overtredingen
3296 8188 12 77 ,
3321 8188 216 77 kunnen
3558 8188 71 77 de
3641 8188 367 77 Gouverneurs
4026 8188 105 77 hen
4150 8188 91 77 het
4259 8188 317 77 voortzetten
4595 8188 103 77 van

4788 8172 30 78 à
4844 8172 62 78 30
4934 8172 170 78 marcs
5110 8172 10 78 .
5162 8172 84 78 Au
5290 8172 86 78 cas
5422 8172 62 78 où
5530 8172 124 78 elles
5696 8172 344 78 refuseraient
6082 8172 308 78 d'acquitter
6430 8172 136 78 cette
6592 8172 218 78 amende
6838 8172 50 78 et

457 8296 107 75 Für
581 8293 335 77 Festsetzung
941 8291 93 75 der
1051 8286 443 79 Ordnungsstrafe
1513 8285 115 75 sind
1655 8284 83 74 die
1759 8280 303 77 Kreischefs
2079 8279 109 75 und
2214 8275 283 78 Komman-
2587 8267 110 70 hun
2725 8266 194 71 bedrijf
2937 8264 282 71 verbieden
3227 8264 10 70 .

4790 8248 138 76 aussi
4972 8248 128 76 dans
5144 8248 46 76 le
5234 8248 86 76 cas
5364 8248 62 76 de
5470 8248 226 76 récidive
5740 8248 258 76 plusieurs
6040 8248 96 76 fois
6178 8248 218 76 réitérée
6400 8248 12 76 ,
6438 8248 74 76 les
6536 8248 352 76 gouverneurs

394 8364 195 75 danten
611 8369 272 76 zuständig
883 8375 12 70 .

2658 8354 138 72 Voor
2814 8354 92 72 het
2924 8354 302 72 vaststellen
3244 8354 102 72 van
3366 8354 64 72 de
3456 8354 510 72 overtredingsboete
3992 8354 98 72 zijn
4116 8354 62 72 de
4210 8354 18 72 «
4256 8354 300 72 Kreischefs
4582 8354 18 72 »
4632 8354 66 72 en

4789 8324 252 71 pourront
5067 8323 72 71 les
5165 8321 280 72 empêcher
5469 8319 306 72 d'exploiter
5799 8318 114 71 leur
5939 8317 180 71 réseau
6123 8317 12 70 .

2592 8428 458 73 Kommandanten
3076 8430 228 73 bevoegd
3314 8431 10 72 .

4857 8399 96 76 Ces
4977 8397 248 78 amendes
5249 8395 382 78 disciplinaires
5655 8394 176 77 seront
5857 8392 318 77 prononcées
6217 8391 96 76 par
6355 8390 72 76 les
6469 8389 146 77 chefs
6655 8387 232 77 d'arron

461 8461 95 84 Die
579 8460 55 84 in
657 8458 253 86 früheren
925 8454 415 88 Verordnungen
1363 8453 127 85 oder
1513 8449 431 88 Bestimmungen
1967 8448 87 85 für
2077 8447 95 85 das
2195 8445 305 86 Passwesen

4790 8466 284 62 dissement
5100 8466 64 62 ou
5190 8466 74 62 les
5290 8466 396 62 commandants
5712 8466 266 62 militaires
5983 8466 13 62 .

395 8537 108 68 und
543 8536 102 69 den
687 8533 466 71 Fahrradverkehr
1193 8531 298 70 erlassenen
1529 8528 570 72 Strafbestimmungen
2135 8527 212 69 werden
2385 8525 116 70 auf-
2660 8520 74 84 De
2760 8520 54 84 in
2838 8520 248 84 vroegere
3112 8520 426 84 Verordeningen
3576 8520 56 84 of
3662 8520 312 84 bepalingen
4012 8520 64 84 op
4102 8520 90 84 het
4218 8520 268 84 paswezen
4520 8520 64 84 en
4610 8520 90 84 het

4857 8541 126 72 Sont
5009 8539 250 74 abrogées
5285 8539 74 72 les
5383 8537 254 74 pénalités
5663 8536 218 73 établies
5905 8534 442 74 antérieurement
6375 8533 98 72 par
6503 8533 74 72 les
6607 8531 198 73 arrêtés
6835 8531 52 72 et

395 8616 238 67 gehoben
637 8616 10 66 .

2594 8600 406 74 rijwielverkeer
3024 8600 426 74 uitgevaardigde
3470 8600 446 74 strafbepalingen
3942 8600 96 74 zijn
4064 8600 184 74 hierbij
4278 8600 300 74 opgeheven
4584 8600 10 74 .
4790 8613 75 75 les
4884 8612 331 76 dispositions
5234 8610 318 76 concernant
5578 8609 74 76 les
5664 8608 297 76 passeports
5986 8608 51 75 et
6056 8607 50 75 la
6129 8606 296 77 circulation
6457 8605 84 76 des
6567 8604 301 76 bicyclettes
6871 8604 15 75 .

599 8716 208 73 Brüssel
813 8716 12 72 ,
849 8716 102 72 den
975 8715 46 72 7.
1045 8714 152 73 April
1223 8713 130 73 1916
1359 8713 12 72 .

2798 8701 213 70 Brussel
3014 8701 12 70 ,
3051 8701 101 70 den
3177 8701 56 70 7n
3258 8701 152 70 April
3436 8701 132 70 1916
3570 8701 13 70 .

4991 8714 271 63 Bruxelles
5260 8714 17 62 ,
5303 8713 48 62 le
5377 8713 28 62 7
5433 8711 141 63 avril
5591 8710 132 63 1916
5725 8710 12 62 .

1341 8821 110 70 Der
1477 8819 532 72 Generalgouverneur
2031 8819 58 70 in
2111 8818 206 71 Belgien
2327 8818 18 70 ,

3560 8804 110 82 Der
3696 8804 538 85 Generalgouverneur
4258 8807 56 83 in
4344 8808 202 83 Belgien
4551 8809 19 82 ,

5728 8816 110 76 Der
5864 8816 530 76 Generalgouverneur
6418 8816 56 76 in
6498 8816 205 76 Belgien
6713 8816 18 76 ,

1286 8896 367 102 Freiherr
1720 8896 154 102 VON
1938 8896 452 102 BISSING
2394 8896 24 102 ,

3463 8883 391 96 Freiherr
3909 8887 151 93 VON
4115 8889 489 96 BISSING
4618 8893 21 92 ,

5648 8894 388 106 Freiherr
6106 8894 154 106 VON
6334 8894 444 106 BISSING
6784 8894 24 106 ,

1663 9003 401 58 Generaloberst
2069 9003 11 54 .

3856 8994 405 64 Generaloberst
4257 8994 13 64 .

6009 9005 396 56 Generaloberst
6409 9005 12 54 .

503 9036 48 40 G.
569 9036 49 40 G.
639 9036 26 40 Il
686 9036 23 40 d
718 9036 8 40 .
751 9035 62 41 Nr
817 9035 9 40 .
845 9035 156 40 20002
