8289 5544
667 544 1907 686 VERORDNUNG
2861 560 2295 690 VERORDENING
5732 582 1820 686 ARRETE

1340 1322 536 98 betreffend

6380 1348 572 84 concernant

3869 1420 535 96 betreffend

460 1560 228 144 die
804 1560 736 144 Regelung
1660 1560 252 144 des
2012 1560 740 144 Verkehrs

1140 1760 248 124 mit
1508 1760 520 124 Butter
2036 1760 32 124 .

5458 1560 142 141 la
5662 1562 1149 153 réglementation
6882 1575 173 142 du
7131 1578 732 148 commerce

6213 1772 182 120 du
6513 1779 558 129 beurre
7092 1792 35 117 .

2979 1765 629 138 regeling
3667 1763 277 137 van
4007 1762 261 136 den
4331 1757 917 140 boterhandel
5255 1756 33 136 .

1155 2269 434 135 Einziger
1651 2263 387 134 Artikel
2029 2263 28 128 .

3763 2273 302 134 Eenig
4124 2266 341 134 artikel
4476 2266 26 128 .

6262 2266 363 145 Article
6680 2283 356 145 unique
7031 2298 38 131 .

524 2514 178 138 Die
732 2514 168 138 mit
930 2514 636 138 Verordnung
1598 2514 216 138 vom
1848 2514 162 138 12.
2036 2514 430 138 Februar
2504 2514 276 138 1916
2784 2514 30 138 ,
3044 2520 148 140 De
3244 2520 125 140 bij
3432 2520 660 140 Verordening
4148 2520 176 140 van
4392 2520 128 140 12
4552 2520 464 140 Februari
5072 2520 276 140 1916
5579 2524 185 129 Les
5855 2526 202 130 prix
6076 2529 34 128 -
6092 2528 416 133 maxima
6603 2534 121 129 du
6815 2536 353 131 beurre
7271 2540 325 131 établis
7695 2544 173 130 par

407 2692 529 148 betreffend
1019 2697 149 145 die
1251 2699 645 150 Abänderung
1978 2706 194 146 und
2255 2709 565 149 Ergänzung
2927 2715 533 149 betreffend
3547 2721 120 145 de
3755 2722 469 149 wijziging
4344 2728 78 145 en
4534 2730 545 149 aanvulling
5179 2736 173 145 der
5454 2738 385 148 l'arrêté
5882 2742 121 146 du
6066 2744 129 146 12
6234 2745 349 148 février
6630 2749 273 147 1916
6910 2752 25 144 ,
6968 2752 517 150 modifiant
7512 2757 78 145 et
7639 2759 146 145 com

410 2920 170 138 der
660 2920 634 138 Verordnung
1376 2920 216 138 vom
1666 2920 174 138 30.
1916 2920 536 138 November
2546 2920 272 138 1915
2870 2920 718 138 Verordening
3670 2920 184 138 van
3936 2920 144 138 30
4156 2920 530 138 November
4772 2920 272 138 1915
5122 2920 230 138 over

5455 3010 365 125 plétant
5881 3012 383 125 l'arrêté
6321 3014 123 124 du
6491 3015 145 124 30
6675 3016 521 126 novembre
7249 3019 265 125 1915
7559 3020 319 126 relatif

412 3112 236 140 über
704 3112 152 140 die
924 3112 492 140 Regelung
1468 3112 164 140 des
1680 3112 496 140 Verkehrs
2240 3112 168 140 mit
2484 3112 340 140 Butter
2928 3112 120 140 de
3142 3112 398 140 regeling
3620 3112 184 140 van
3877 3112 180 140 den
4140 3112 624 140 boterhandel
4832 3112 48 140 (
4873 3112 295 140 Wet-
5228 3112 124 140 en

5457 3254 59 128 à
5577 3254 91 128 la
5731 3255 775 131 réglementation
6573 3259 121 128 du
6761 3260 535 130 commerce
7359 3263 119 128 du
7525 3264 341 129 beurre

416 3308 44 152 (
445 3308 395 152 Gesetz-
900 3308 188 152 und
1160 3308 920 152 Verordnungsblatt
2140 3308 264 152 Seite
2472 3308 268 152 1625
2748 3308 32 152 )
2792 3308 24 152 ,
2872 3308 984 152 Verordeningsblad
3976 3308 148 152 blz
4136 3308 24 152 .
4284 3308 268 152 1625
4576 3308 32 152 )
4728 3308 624 152 vastgestelde

411 3508 657 160 festgesetzten
1159 3504 989 161 Butterhöchstpreise
2231 3501 369 159 bleiben
2683 3502 141 156 bis
2931 3500 389 157 hoogste
3375 3496 641 160 boterprijzen
4091 3495 349 157 blijven
4519 3492 577 158 voorshands
5167 3491 185 157 van
5464 3490 47 156 (
5524 3488 372 159 Bulletin
5966 3487 339 158 officiel
6347 3486 165 157 des
6575 3485 165 157 lois
6803 3485 97 156 et
6962 3483 376 157 arrêtés
7384 3483 47 156 p
7432 3482 47 156 .
7515 3481 269 157 1625
7787 3481 37 156 )
7831 3481 29 156 ,

416 3716 174 98 auf
622 3716 440 98 weiteres
1106 3716 94 98 in
1244 3716 302 98 Kraft
1557 3716 25 98 .

2928 3722 349 92 kracht
3281 3722 25 92 .

5460 3732 360 128 restent
5860 3732 120 128 en
6032 3732 388 128 vigueur
6448 3732 376 128 jusqu'à
6872 3732 348 128 nouvel
7260 3732 193 128 avis
7458 3732 26 128 .

221 3563 6 17 1

600 4016 384 126 Brüssel
990 4016 26 126 ,
1068 4016 182 126 den
1317 4016 92 126 8.
1452 4016 280 126 April
1764 4016 274 126 1916
2048 4016 22 126 .

3118 4018 382 130 Brussel
3506 4018 26 130 ,
3586 4018 182 130 den
3816 4018 100 130 8n
3960 4018 266 130 April
4284 4018 274 130 1916
4570 4018 22 130 .

5704 4036 488 122 Bruxelles
6198 4036 26 122 ,
6274 4036 88 122 le
6410 4036 62 122 8
6518 4036 238 122 avril
6810 4036 251 122 1916
7093 4036 29 122 .

810 4316 202 131 Der
1054 4319 457 135 General
1506 4326 29 128 -
1523 4326 653 138 Gouverneur
2217 4336 114 130 in
2370 4338 400 134 Belgien
2780 4344 36 128 ,

1143 4454 453 121 Freiherr
1657 4460 221 119 VON
1938 4463 494 123 BISSING
2459 4471 32 116 ,

1445 4575 737 116 Gencraloberst
2174 4583 28 108 .

3322 4336 206 131 Der
3570 4339 447 136 General
4018 4347 29 128 -
4047 4347 649 138 Gouverneur
4738 4358 114 130 in
4890 4360 388 134 Belgien
5304 4367 36 129 ,

3658 4471 454 132 Freiherr
4173 4480 218 128 VON
4458 4485 487 132 BISSING
4978 4493 35 125 ,

3960 4607 743 108 Generaloberst
4692 4610 28 104 .

5850 4336 206 135 Der
6098 4339 451 139 General
6550 4346 29 132 -
6566 4346 658 142 Gouverneur
7262 4357 110 134 in
7410 4358 389 139 Belgien
7812 4365 36 132 ,

6188 4470 450 131 Freiherr
6694 4477 223 127 VON
6976 4481 486 131 BISSING
7497 4488 33 124 ,

6486 4595 738 123 Generaloberst
7214 4606 30 112 .

534 4688 55 63 C.
609 4688 55 63 C.
695 4688 76 64 VII
779 4689 11 63 .
823 4689 146 64 2696
975 4690 11 63 .
