9272 6812
1143 160 2729 925 Bekanntmachung

5696 128 2240 928 Bekendmaking

5120 1160 216 184 Met
5408 1160 680 184 betrekking
6152 1160 152 184 op
6392 1160 608 184 paragraaf
7056 1160 80 184 4
7192 1160 216 184 der
7472 1160 752 184 verordening
8296 1160 208 184 van
8560 1160 192 184 het

4879 1319 585 187 Keizerlijk
5510 1322 583 186 Generaal
6079 1324 46 184 -
6138 1324 926 187 Gouvernement
7119 1328 209 184 van
7400 1329 184 184 den
7663 1330 105 184 8.
7847 1330 210 186 Juli
8087 1331 313 185 1916
8415 1332 25 184 ,
8504 1333 184 184 aan

4856 1495 460 212 gaande
5353 1473 243 198 het

815 1166 353 169 Unter
1245 1159 811 174 Bezugnahme
2103 1159 186 169 aut
2351 1159 65 168 $
2471 1158 81 168 4
2607 1156 217 169 der
2887 1152 761 172 Verordnung
3711 1150 209 169 des
3999 1146 458 172 Kaiser

571 1348 357 179 lichen
979 1335 1457 189 Generalgouvernements
2483 1333 269 179 vom
2803 1332 114 177 8.
2963 1330 221 178 Juli
3267 1327 268 179 1916
3618 1325 250 177 betr
3880 1324 29 176 .

1011 1597 1229 266 Bestandsmeldung
2351 1595 241 261 von
2695 1592 537 262 KUPFER
3339 1590 241 261 und
3679 1588 321 261 ZINN

567 1903 42 188 (
615 1901 226 190 Ges
843 1901 22 188 .
927 1899 70 189 u
1011 1899 22 188 .
1091 1889 1102 198 Verordnungsblatt
2235 1887 166 190 Nr
2403 1887 22 188 .
2500 1884 237 191 239
2742 1883 58 189 ,
2803 1882 110 189 S.
2959 1879 326 191 2443
3339 1878 107 189 ff
3439 1878 50 188 .
3455 1878 50 188 )
3591 1871 598 193 bestimme
4267 1868 182 190 ich

580 2071 192 176 zum
871 2067 521 179 Vollzuge
1456 2063 628 180 Folgendes
2099 2063 53 176 :

811 2243 209 188 Die
1083 2239 810 192 Meldescheine
1939 2238 289 189 gelb
2247 2236 181 190 für
2487 2236 181 188 die
2723 2233 569 190 Bestände
3347 2232 213 188 der
3621 2229 463 191 Klassen
4167 2229 41 188 1
4279 2228 169 188 bis

567 2447 161 180 24
755 2447 33 180 ;
866 2445 278 181 grün
1199 2444 185 180 für
1435 2443 181 180 die
1699 2439 554 184 Bestände
2335 2438 213 181 der
2627 2436 473 182 Klassen
3183 2435 157 180 25
3427 2434 169 180 bis
3667 2433 157 180 27
3895 2430 249 182 sind
4219 2430 229 180 von

569 2630 199 201 den
879 2622 1090 208 anzeigepflichtigen
2071 2619 538 203 Personen
2719 2616 377 202 sofort
3175 2614 193 201 auf
3471 2612 217 201 den
3775 2606 682 205 Gemeinde

561 2844 494 147 häusern
1126 2839 602 149 abzuholen
1775 2837 225 145 und
2040 2830 793 151 ebendaselbst

1113 3062 804 181 spätestens
1989 3059 160 174 am
2295 3054 230 175 31.
2615 3044 754 181 AUGUST
3467 3041 163 174 ds
3639 3041 26 172 .
3750 3038 129 173 Js
3885 3038 29 172 .

573 3292 1021 184 gewissenhaft
1677 3292 763 184 ausgefüllt
2529 3292 552 184 wieder
3149 3292 813 184 abzugeben
3982 3292 30 184 .

760 3532 260 116 Sofern
1069 3532 98 116 ein
1236 3532 740 116 Anzeigepflichtiger
2020 3532 188 116 über
2252 3532 164 116 eine
2448 3532 408 116 Vorschrift
2892 3532 100 116 im
3044 3532 296 116 Zweifel
3388 3532 92 116 ist
3484 3532 24 116 ,
3548 3532 128 116 hat
3716 3532 344 116 derselbe
4104 3532 156 116 sich
4312 3532 140 116 vor

572 3648 428 124 Ausfüllung
1036 3648 128 124 des
1196 3648 528 124 Meldescheins
1752 3648 68 124 in
1856 3648 132 124 der
2024 3648 692 124 Artilleriekaserne
2744 3648 172 124 Lier
2905 3648 27 124 ,
2972 3648 228 124 Stube
3236 3648 100 124 Nr
3340 3648 20 124 .
3392 3648 96 124 53
3528 3648 420 124 persönlich
3976 3648 472 124 einzufinden

566 3768 183 108 oder
824 3768 216 108 einen
1108 3768 712 108 Sachverständigen
1892 3768 300 108 hierher
2240 3768 92 108 zu
2388 3768 280 108 senden
2676 3768 20 108 ,
2748 3768 128 108 um
2956 3768 120 108 die
3156 3768 248 108 nötige
3480 3768 424 108 Belehrung
3976 3768 440 108 einzuholen
4428 3768 16 108 .

568 3882 386 114 Kontrolle
992 3882 134 114 der
1174 3882 594 114 Vollständigkeit
1802 3882 150 114 und
1980 3882 436 114 Richtigkeit
2452 3882 136 114 der
2616 3882 572 114 Anmeldungen
3228 3882 298 114 behalte
3562 3882 116 114 ich
3716 3882 142 114 mir
3888 3882 136 114 vor
4030 3882 20 114 .

827 4016 160 160 Ich
1041 4016 346 160 weise
1432 4016 392 160 darauf
1888 4016 154 160 hin
2074 4016 38 160 ,
2152 4016 264 160 dass
2464 4016 184 160 die
2688 4016 824 160 Meldescheine
3560 4016 288 160 nach
3902 4016 205 160 dem

1248 4224 612 156 Bestand
1924 4224 328 156 vom
2308 4224 104 156 1.
2476 4224 756 156 AUGUST
3292 4224 164 156 ds
3464 4224 24 156 .
3540 4224 164 156 Js
3712 4224 28 156 .

568 4440 592 192 ausgefüllt
1200 4440 224 192 und
1496 4440 190 192 vom
1774 4440 1114 192 Anzeigepflichtigen
2969 4440 919 192 unterschrieben
3968 4440 472 192 werden

567 4616 461 190 müssen
1034 4618 29 188 ,
1123 4618 269 189 dass
1499 4620 1268 195 Einzelhaushaltungen
2859 4627 229 189 von
3183 4629 213 189 der
3503 4630 945 194 Anmeldepflicht

568 4808 560 184 vorläufig
1268 4808 304 184 nicht
1708 4808 564 184 betroffen
2404 4808 248 184 sind
2645 4808 48 184 ,
2824 4808 268 184 dass
3224 4808 880 184 Unterlassung
4232 4808 212 184 der

568 5000 1096 188 Bestandsmeldung
1708 5000 288 188 oder
2052 5000 664 188 Erstattung
2789 5000 665 188 wissentlich
3529 5000 289 188 oder
3865 5000 557 188 fahrlässig

579 5176 469 184 falscher
1128 5176 280 184 oder
1496 5176 960 184 unvollständiger
2536 5176 663 184 Meldungen
3186 5176 55 184 ,
3312 5176 360 184 sowie
3760 5176 368 184 schon
4232 5176 216 184 der

567 5352 505 186 Versuch
1193 5355 284 187 einer
1569 5358 470 186 solchen
2137 5361 1100 192 Zuwiderhandlung
3303 5369 209 185 mit
3591 5371 609 187 Gefängnis
4271 5375 177 185 bis

581 5570 115 154 zu
785 5570 46 154 5
927 5570 385 154 Jahren
1366 5570 228 154 und
1646 5570 274 154 Geld
1984 5570 172 154 bis
2216 5570 136 154 zu
2414 5570 454 154 20.000
2930 5570 318 154 Mark
3308 5570 492 154 bestraft
3858 5570 290 154 wird
4162 5570 26 154 .

5408 1692 668 267 aangeven
6176 1686 252 260 van
6535 1676 516 264 stapels
7159 1666 460 264 KOPER
7719 1662 156 258 en
7967 1656 252 260 TIN

4864 1928 48 184 (
4923 1928 301 184 Wet-
5312 1928 144 184 en
5560 1928 1096 184 Verordeningsblad
6728 1928 88 184 N
6824 1928 40 184 °
6920 1928 248 184 239
7176 1928 24 184 ,
7296 1928 544 184 bladzijde
7896 1928 326 184 243
8219 1928 45 184 )
8360 1928 384 184 beveel

4869 2096 99 176 ik
5041 2097 195 179 het
5302 2100 554 180 volgende
5918 2105 185 177 ter
6166 2107 627 183 uitvoering
6815 2113 50 176 :

5126 2288 164 184 De
5352 2288 372 184 lijsten
5786 2288 220 184 van
6054 2288 492 184 aangifte
6628 2288 51 184 (
6690 2288 228 184 geel
6988 2288 292 184 voor
7342 2288 146 184 de
7546 2288 422 184 stapels
8030 2288 210 184 der
8296 2288 456 184 klassen

4879 2485 47 182 1
5031 2484 169 183 tot
5305 2484 163 182 24
5473 2483 31 182 ,
5543 2482 393 183 groen
6047 2480 297 183 voor
6435 2479 145 183 de
6668 2476 422 185 stapels
7177 2476 211 183 der
7471 2473 453 185 klassen
8015 2473 155 183 25
8253 2472 167 183 tot
8509 2471 161 183 27
8673 2471 41 182 )
8721 2471 27 182 ,

8709 2479 33 185 ,

4871 2648 461 194 moeten
5408 2651 296 193 door
5793 2653 142 192 de
6011 2654 901 198 meldeplichtige
7015 2660 577 195 personen
7647 2664 673 196 aanstonds
8383 2668 153 193 op
8611 2670 141 192 de

4866 2864 1014 188 gemeentehuizen
5932 2864 590 188 afgehaald
6603 2864 104 188 en
6772 2864 182 188 ter
7002 2864 436 188 plaatse
7444 2864 28 188 ,

5228 3052 240 172 ten
5560 3052 612 172 laatsten
6264 3052 276 172 den
6632 3052 184 172 31
6924 3052 992 172 AUGUSTUS
7988 3052 404 172 1916

4869 3256 360 176 naar
5246 3256 469 176 weten
5809 3256 133 176 en
6051 3256 608 176 geweten
6768 3256 670 176 ingevuld
7525 3256 406 176 terug
7971 3256 755 176 afgegeven

4863 3469 578 134 worden
5462 3468 34 132 .

5062 3662 196 110 Voor
5294 3662 134 110 zoo
5476 3662 222 110 verre
5740 3662 140 110 een
5908 3662 116 110 ter
6068 3662 328 110 aangifte
6444 3662 402 110 verplichte
6896 3662 320 110 persoon
7254 3662 326 110 omtrent
7622 3662 184 110 eene
7860 3662 504 110 verordening
8422 3662 297 110 twijfeld
8720 3662 28 110 ,

4864 3768 204 116 moet
5125 3768 120 116 hij
5264 3768 184 116 voor
5496 3768 128 116 het
5676 3768 328 116 invullen
6056 3768 136 116 van
6248 3768 88 116 de
6388 3768 140 116 lijst
6584 3768 140 116 van
6776 3768 320 116 aangifte
7164 3768 448 116 persoonlijk
7664 3768 180 116 naar
7880 3768 92 116 de
8008 3768 368 116 Artillerie
8424 3768 324 116 kazerne

4864 3884 196 116 LIER
5064 3884 24 116 ,
5133 3884 255 116 kamer
5424 3884 96 116 Nr
5524 3884 20 116 .
5588 3884 96 116 53
5688 3884 24 116 ,
5748 3884 267 116 komen
6025 3884 27 116 ,
6088 3884 80 116 of
6208 3884 136 116 een
6408 3884 264 116 expert
6724 3884 380 116 daarheen
7144 3884 288 116 zenden
7440 3884 24 116 ,
7500 3884 124 116 om
7664 3884 92 116 de
7812 3884 312 116 noodige
8192 3884 556 116 onderrichting

4864 3992 140 124 aan
5040 3992 76 124 te
5152 3992 275 124 vragen
5439 3992 21 124 .
5500 3992 360 124 Kontrool
5896 3992 184 124 over
6116 3992 92 124 de
6252 3992 480 124 volledigheid
6768 3992 92 124 en
6880 3992 352 124 juistheid
7272 3992 136 124 der
7440 3992 468 124 aanmelding
7956 3992 288 124 behoud
8284 3992 72 124 ik
8384 3992 124 124 mij
8540 3992 185 124 voor
8720 3992 28 124 .

5115 4096 121 180 Ik
5287 4096 269 181 trek
5619 4098 145 180 de
5811 4099 565 182 aandacht
6419 4101 148 181 op
6623 4102 141 181 de
6826 4103 1019 184 noodzakelijkheid
7845 4107 55 180 ,
7943 4108 193 180 dat
8175 4109 145 180 de
8379 4110 365 181 lijsten

4867 4287 221 192 van
5139 4284 497 194 aangifte
5679 4281 561 195 zoodanig
6284 4279 453 194 moeten
6787 4276 525 195 ingevuld
7372 4274 450 194 worden
7827 4274 50 192 ,
7907 4272 193 193 dat
8188 4271 139 193 zij
8327 4270 221 193 den
8591 4270 153 192 op

5287 4464 61 172 1
5459 4464 997 175 AUGUSTUS
6531 4468 401 173 1916
6999 4470 865 175 bestaanden
7923 4473 449 174 stapel

4860 4684 388 188 JUIST
5361 4684 565 188 aangeven
5968 4684 56 188 ,
6056 4684 196 188 dat
6336 4684 128 188 zij
6552 4684 296 188 door
6936 4684 140 188 de
7164 4684 896 188 meldeplichtige
8164 4684 576 188 personen

4863 4866 461 161 moeten
5383 4862 865 163 onderteekend
6330 4859 451 162 worden
6879 4858 145 161 en
7083 4856 433 162 verder
7520 4856 45 160 ,
7631 4855 197 160 dat
7899 4850 838 165 alleenstaande

4864 5024 800 192 huisgezinnen
5712 5024 680 192 voorloopig
6456 5024 216 192 van
6720 5024 216 192 den
6984 5024 344 192 plicht
7408 5024 208 192 der
7696 5024 488 192 aangifte
8264 5024 208 192 vrij
8513 5024 231 192 blij

4859 5222 206 189 ven
5087 5222 26 188 .
5159 5220 221 189 Het
5445 5217 227 191 niet
5729 5214 507 191 opgeven
6307 5212 209 189 der
6571 5209 421 190 stapels
7055 5207 117 189 of
7231 5202 637 193 opzettelijk
7931 5201 113 189 of
8087 5199 293 190 door
8454 5196 287 190 nala

4856 5388 428 200 tigheid
5412 5388 440 200 valsche
5944 5388 148 200 of
6172 5388 780 200 onvoldoende
7056 5388 636 200 meldingen
7768 5388 412 200 maken
8184 5388 32 200 ,
8276 5388 460 200 evenals

4873 5582 711 202 eenvoudige
5691 5579 426 198 poging
6204 5577 197 197 van
6543 5568 946 204 tegenhandeling
7480 5568 59 196 ,
7651 5564 465 199 worden
8215 5562 233 197 met
8539 5560 189 197 ten

4855 5795 491 188 hoogste
5391 5793 74 185 5
5515 5790 236 187 jaar
5841 5782 702 192 gevangenis
6583 5780 138 186 en
6791 5778 218 186 met
7096 5776 162 185 ten
7320 5770 489 189 hoogste
7871 5764 450 189 20.000
8407 5761 314 187 mark

4856 5940 348 188 boete
5288 5950 486 191 gestraft
5750 5961 58 181 .

4858 6234 188 114 Lier
5052 6234 18 114 ,
5132 6234 162 114 den
5354 6234 82 114 1en
5494 6234 412 114 Augustus
5968 6234 176 114 1916
6150 6234 18 114 .

7232 6192 520 160 Freiherr
7808 6192 490 160 QUADT
8293 6192 43 160 ,

6843 6365 277 110 Majoor
7151 6362 97 110 en
7287 6357 541 113 Kommandant
7863 6355 137 109 der
8031 6353 229 110 sectie
8303 6350 174 110 Zuid
8497 6350 25 108 -
8512 6348 180 109 Oost

7285 6472 135 105 der
7455 6473 289 107 vesting
7773 6477 445 108 Antwerpen
8222 6481 23 104 .

571 6188 182 116 Lier
750 6189 31 116 ,
839 6189 161 117 den
1059 6190 53 116 1.
1155 6191 313 117 August
1527 6193 173 116 1916
1707 6194 17 116 .

2902 6280 538 176 Freiherr
3545 6289 496 175 QUADT

2503 6470 229 113 Major
2771 6470 29 112 u
2824 6470 16 112 .
2879 6466 561 115 Kommandeur
3479 6465 129 113 des
3651 6463 425 114 Abschnitts
4111 6462 149 112 Süd
4273 6462 25 112 -
4293 6461 128 112 Ost
4419 6461 25 112 .
