9277 6781
1168 130 2725 977 Bekanntmachung

5696 160 2240 864 Bekendmaking

4425 2798 8 27 O

827 1143 225 184 Zur
1127 1139 889 188 Durchführung
2083 1138 213 185 der
2383 1136 365 185 durch
2831 1133 773 187 Verordnung
3687 1132 205 184 des
3979 1130 441 185 Kaiserl
4431 1130 25 184 .

584 1304 551 184 General
1144 1304 48 184 -
1181 1304 1099 184 Gouvernements
2400 1304 112 184 in
2648 1304 456 184 Belgien
3249 1304 210 184 vom
3632 1304 104 184 8.
3792 1304 216 184 Juli
4144 1304 320 184 1916

580 1510 858 262 angeordneten
1484 1494 1434 268 Bestandsanmeldungen
3011 1490 231 255 von
3303 1485 499 257 Kupfer
3864 1481 246 255 und
4163 1477 303 256 Zinn

583 1741 465 178 werden
1154 1740 206 177 von
1446 1738 200 178 den
1767 1735 737 179 zuständigen
2583 1728 1402 182 Ortskommandanturen
4071 1727 105 176 in
4247 1725 217 177 der

585 1924 239 151 Zeit
885 1937 266 151 vom

960 2120 136 168 5.
1224 2120 744 168 AUGUST
2040 2120 288 168 BIS
2400 2120 264 168 20.
2784 2120 760 168 AUGUST
3672 2120 408 168 1916

576 2364 820 192 Meldescheine
1452 2364 732 192 ausgegeben
2196 2364 20 192 ,
2280 2364 180 192 die
2524 2364 220 192 von
2804 2364 224 192 den
3096 2364 292 192 nach
3448 2364 60 192 S
3568 2364 76 192 2
3704 2364 212 192 der
3993 2364 483 192 Verord

579 2549 310 206 nung
1023 2540 1118 213 anzeigepflichtigen
2223 2535 594 208 Personen
2935 2532 238 206 und
3283 2524 894 211 Gesellschalten
4275 2523 154 205 pp
4436 2523 26 204 .

580 2716 544 172 während
1212 2716 212 172 der
1462 2716 1080 172 Geschäftsstunden
2604 2716 216 172 von
2872 2716 76 172 8
2996 2716 236 172 Uhr
3284 2716 412 172 vorm.-
3736 2716 144 172 12
3928 2716 236 172 Uhr
4214 2716 258 172 mit

576 2888 248 192 tags
872 2888 232 192 und
1152 2888 64 192 3
1264 2888 232 192 Uhr
1544 2888 168 192 bis
1760 2888 64 192 7
1896 2888 232 192 Uhr
2166 2888 376 192 nachm
2595 2888 57 192 .
2648 2888 104 192 in
2824 2888 544 192 Empfang
3416 2888 136 192 zu
3624 2888 480 192 nehmen
4168 2888 256 192 sind
4432 2888 32 192 .

757 3071 154 117 Um
965 3071 163 117 eine
1159 3071 593 117 gewissenhafte
1802 3071 467 117 Anmeldung
2329 3071 135 117 der
2517 3071 363 117 Bestände
2954 3071 87 117 zu
3097 3071 515 117 ermöglichen
3656 3071 151 117 und
3877 3071 334 117 dadurch
4269 3071 195 117 allen

584 3180 528 124 Weiterungen
1172 3180 148 124 und
1372 3180 468 124 Rückfragen
1884 3180 136 124 aus
2064 3180 172 124 dem
2280 3180 236 124 Wege
2560 3180 88 124 zu
2708 3180 237 124 gehen
2948 3180 28 124 ,
3004 3180 92 124 ist
3140 3180 80 124 es
3264 3180 422 124 notwendig
3688 3180 28 124 ,
3760 3180 172 124 dass
3968 3180 120 124 die
4137 3180 335 124 anzeige

582 3298 422 118 pflichtigen
1048 3298 374 118 Personen
1492 3298 354 118 selbst
1888 3298 132 118 das
2084 3298 388 118 Formular
2508 3298 170 118 zum
2720 3298 490 118 Meldeschein
3248 3298 122 118 bei
3400 3298 136 118 der
3568 3298 478 118 zuständigen
4093 3298 381 118 Ortskom

582 3414 446 116 mandantur
1030 3414 22 116 ,
1076 3414 188 116 über
1292 3414 114 116 die
1434 3414 462 116 nötigenfalls
1926 3414 120 116 bei
2074 3414 134 116 der
2236 3414 744 116 Gemeindebehörde
3012 3414 362 116 Auskunft
3400 3414 338 116 gegeben
3770 3414 186 116 wird
3960 3414 22 116 ,
4004 3414 72 116 in
4106 3414 360 116 Empfang

580 3528 310 112 nehmen
902 3528 22 112 .
984 3528 132 112 Die
1160 3528 576 112 Gesellschaften
1776 3528 94 112 pp
1879 3528 21 112 .
1936 3528 244 112 haben
2236 3528 232 112 damit
2529 3528 205 112 einem
2832 3528 988 112 vertretungsberechtigten
3872 3528 144 112 und
4076 3528 192 112 über
4320 3528 140 112 den

580 3644 290 110 Fabrik-
902 3644 98 110 pp
1006 3644 18 110 .
1064 3644 288 110 Betrieb
1406 3644 586 110 unterrichteten
2036 3644 481 110 Angestellten
2572 3644 90 110 zu
2708 3644 476 110 beauftragen
3193 3644 28 110 .
3306 3644 86 110 Es
3434 3644 130 110 soll
3614 3644 332 110 dadurch
3984 3644 482 110 Gelegenheit

578 3754 336 118 gegeben
946 3754 299 118 werden
1247 3754 27 118 ,
1304 3754 168 118 dem
1514 3754 748 118 Anzeigepflichtigen
2300 3754 192 118 über
2528 3754 140 118 alle
2704 3754 150 118 ihm
2894 3754 316 118 unklare
3260 3754 606 118 Bestimmungen
3906 3754 430 118 Aufschluss
4370 3754 94 118 zu

576 3868 229 120 geben
816 3868 28 120 ,
888 3868 452 120 nötigenfalls
1380 3868 184 120 nach
1604 3868 436 120 vorheriger
2076 3868 524 120 Besichtigung
2645 3868 120 120 der
2800 3868 360 120 Bestände
3200 3868 236 120 durch
3473 3868 204 120 einen
3720 3868 713 120 Sachverständigen
4431 3868 30 120 .

834 3972 205 176 Die
1101 3973 285 177 nach
1457 3974 259 177 dem
1751 3976 597 178 Bestande
2426 3978 204 177 von
2751 3980 117 176 1.
2913 3981 441 177 August
3409 3983 71 176 d
3491 3983 29 176 .
3595 3983 99 177 J.
3711 3984 751 179 ausgefüllten

584 4152 216 152 und
881 4152 1058 152 unterschriebenen
2032 4152 824 152 Meldescheine
2939 4152 219 152 sind
3272 4152 584 152 innerhalb
3936 4152 208 152 der
4224 4152 240 152 Zeit

574 4374 266 92 vom

892 4520 232 176 21.
1240 4520 748 176 AUGUST
2096 4520 292 176 BIS
2512 4520 256 176 30.
2888 4520 756 176 AUGUST
3752 4520 160 176 D.
4004 4520 128 176 J.

575 4768 177 184 bei
826 4769 202 185 der
1103 4770 729 189 zuständigen
1906 4775 1253 192 Ortskommandantur
3223 4783 545 186 während
3847 4786 209 185 der
4120 4788 317 185 ange

596 4943 471 191 gebenen
1130 4945 1093 193 Geschäftsstunden
2279 4950 653 191 persönlich
2979 4953 425 190 wieder
3459 4955 996 192 abzugeben.Dort

578 5112 282 189 wird
923 5113 253 191 eine
1227 5115 813 193 Nachprüfung
2127 5121 212 189 der
2399 5122 1253 196 Bestandsmeldungen
3723 5130 508 192 erfolgen
4209 5133 51 188 .

769 5296 253 114 Indem
1107 5297 117 114 ich
1301 5298 271 115 darauf
1627 5300 355 115 hinweise
1985 5301 23 114 ,
2075 5302 169 114 dass
2313 5303 119 114 die
2499 5304 843 117 Einzelhaushaltungen
3413 5308 149 114 von
3631 5309 137 114 der
3836 5309 636 118 Anmeldepflicht

580 5420 356 112 vorläufig
976 5420 200 112 nicht
1216 5420 360 112 betroffen
1616 5420 300 112 werden
1925 5420 27 112 ,
1988 5420 260 112 warne
2320 5420 112 112 ich
2488 5420 96 112 im
2652 5420 364 112 Uebrigen
3080 5420 136 112 vor
3276 5420 536 112 Unterlassung
3884 5420 136 112 der
4074 5420 386 112 Bestands

578 5534 446 112 meldungen
1078 5534 184 112 oder
1322 5534 134 112 vor
1510 5534 420 112 Erstattung
1994 5534 448 112 wissentlich
2500 5534 184 112 oder
2752 5534 388 112 fahrlässig
3196 5534 318 112 falscher
3574 5534 184 112 oder
3818 5534 640 112 unvollständiger

576 5648 440 108 Meldungen
1024 5648 20 108 .
1074 5648 122 108 Ich
1224 5648 360 108 verweise
1620 5648 92 108 zu
1752 5648 282 108 diesem
2064 5648 268 108 Zweck
2362 5648 132 108 auf
2512 5648 120 108 die
2658 5648 802 108 Stratbestimmungen
3492 5648 130 108 des
3650 5648 44 108 S
3722 5648 44 108 4
3794 5648 134 108 der
3958 5648 500 108 Verordnung

582 5762 142 104 und
758 5762 260 104 mache
1054 5762 270 104 darauf
1348 5762 493 104 aufmerksain
1853 5762 27 104 ,
1910 5762 168 104 dass
2115 5762 213 104 schon
2368 5762 134 104 der
2538 5762 330 104 Versuch
2904 5762 334 104 strafbar
3272 5762 92 104 ist
3368 5762 18 104 .

5134 1184 313 191 Voor
5514 1187 145 190 de
5722 1189 650 194 uitvoering
6430 1196 213 190 der
6702 1198 714 195 aanmelding
7477 1205 210 191 van
7739 1160 410 255 Koper
8232 1158 154 253 en
8527 1154 184 255 Tin

8217 1234 113 140 e

4883 1384 481 187 bevolen
5416 1387 275 187 door
5743 1390 189 185 het
5983 1392 597 189 Keizerlijk
6638 1397 575 188 Generaal
7209 1401 44 184 -
7242 1401 921 192 Gouvernement
8223 1409 109 184 in
8375 1410 377 186 België

4899 1556 192 189 van
5186 1558 78 189 8
5396 1559 212 191 Juli
5710 1563 310 191 1916
6033 1565 26 188 ,
6150 1566 469 193 worden
6714 1571 294 190 door
7110 1574 145 190 de
7362 1577 582 192 bevoegde
8057 1582 694 195 plaatselijke

4886 1727 1106 182 kommandanturen
6062 1741 105 170 in
6225 1743 218 171 den
6513 1746 174 171 tijd
6794 1750 185 170 van

5055 1956 97 165 5
5251 1957 1001 171 AUGUSTUS
6347 1965 353 167 TOT
6795 1968 221 166 20
7099 1970 981 172 AUGUSTUS
8183 1978 405 167 1916

4883 2192 849 188 meldebrieven
5867 2197 673 188 uitgegeven
6550 2201 29 184 ,
6667 2202 181 185 die
6979 2204 297 185 door
7377 2206 169 185 de
7639 2208 465 186 volgens
8211 2211 61 184 S
8363 2212 81 184 2
8547 2213 205 185 der

4886 2359 778 184 verordening
5758 2368 178 177 tot
6030 2370 146 177 de
6270 2372 490 182 aangifte
6846 2378 626 183 verplichte
7557 2385 562 181 personen
8181 2391 138 177 en
8380 2393 351 179 maat

4881 2546 661 188 schappijen
5609 2548 151 187 pp
5771 2549 25 186 .
5869 2549 665 189 gedurende
6573 2552 143 186 de
6777 2553 689 188 bureeluren
7533 2556 215 186 van
7839 2557 73 186 8
8001 2557 211 187 ure
8303 2558 407 188 voorm
8723 2560 25 186 .

4879 2716 177 180 tot
5111 2717 161 181 12
5314 2718 317 182 ure's
5660 2720 544 183 middags
6243 2723 137 181 en
6451 2724 213 181 van
6731 2726 69 180 3
6847 2726 165 181 tot
7075 2728 73 180 7
7195 2728 341 182 ure's
7595 2731 653 183 namiddags
8280 2734 454 184 moeten

4879 2905 652 190 ontvangen
5604 2893 453 187 worden

5076 3076 136 120 Om
5268 3076 188 120 eene
5512 3076 536 120 nauwkeurige
6096 3076 472 120 aanmelding
6628 3076 136 120 der
6816 3076 560 120 hoeveelheden
7444 3076 332 120 mogelijk
7816 3076 72 120 te
7940 3076 268 120 maken
8280 3076 92 120 en
8436 3076 136 120 zoo
8616 3076 136 120 alle

4880 3188 576 124 moeilijkheden
5520 3188 92 124 en
5680 3188 428 124 aanvragen
6160 3188 72 124 te
6304 3188 408 124 vermijden
6720 3188 20 124 ,
6772 3188 60 124 is
6876 3188 128 124 het
7056 3188 272 124 noodig
7332 3188 16 124 ,
7384 3188 120 124 dat
7540 3188 88 124 de
7664 3188 100 124 tot
7824 3188 472 124 aanmelding
8348 3188 404 124 verplichte

4880 3300 324 117 persoon
5272 3301 220 117 zelf
5540 3302 124 117 het
5719 3303 385 119 formulier
6156 3305 140 116 van
6340 3306 144 116 den
6536 3307 600 118 aanmeldebrief
7168 3309 100 117 op
7312 3310 88 116 de
7440 3311 372 117 bevoegde
7867 3312 457 119 plaatselijke
8377 3314 379 120 komman

4879 3414 278 111 dantur
5148 3415 28 110 ,
5203 3415 185 111 over
5423 3416 121 111 die
5545 3417 25 110 ,
5607 3417 373 112 desnoods
6039 3420 127 110 het
6211 3420 711 114 gemeentebestuur
6983 3424 477 113 inlichtingen
7497 3427 107 110 zal
7641 3428 233 111 geven
7879 3429 23 110 ,
7935 3429 371 112 ontvange
8313 3431 19 110 .
8371 3432 109 110 De
8527 3432 235 112 maat

4880 3529 432 115 schappijen
5352 3532 298 113 moeten
5688 3533 242 113 eenen
5976 3534 438 114 bevoegden
6448 3536 94 112 en
6580 3537 184 112 over
6800 3538 128 112 het
6982 3538 564 115 fabriekbedrijf
7574 3541 94 112 pp
7672 3541 18 112 .
7740 3542 440 113 ingelichten
8230 3544 522 114 aangestelden

4879 3640 153 112 met
5059 3640 185 113 deze
5271 3642 185 112 zaak
5495 3643 241 113 lasten
5739 3644 21 112 .
5803 3644 93 113 Er
5931 3645 109 112 zal
6079 3646 137 112 zoo
6251 3647 485 114 gelegenheid
6775 3649 341 114 gegeven
7159 3651 293 114 worden
7468 3653 28 112 ,
7523 3653 137 113 den
7691 3654 101 112 tot
7815 3655 89 112 de
7935 3655 317 115 aangifte
8291 3657 457 114 verplichten

4878 3756 186 110 over
5100 3757 144 110 alle
5282 3757 172 111 hem
5492 3758 312 111 onklare
5842 3760 594 112 bestemmingen
6464 3763 74 110 in
6566 3763 72 110 te
6666 3763 278 111 lichten
6950 3765 22 110 ,
7002 3765 372 111 desnoods
7402 3767 94 110 na
7524 3767 478 112 bezichtiging
8030 3769 136 111 der
8192 3770 558 112 hoeveelheden

4880 3872 187 106 door
5099 3877 244 108 eenen
5378 3884 274 109 expert
5638 3890 30 103 .

5135 4008 169 184 De
5343 4009 1089 189 ondergeteekende
6495 4014 1048 191 aanmeldebrieven
7561 4020 39 184 ,
7679 4021 521 187 ingevuld
8287 4024 465 186 volgens

4880 4200 224 176 den
5256 4200 304 176 staat
5672 4200 216 176 van
6016 4200 64 176 1
6200 4200 576 176 Augustus
6896 4200 144 176 I.I.
7136 4200 456 176 moeten
7721 4200 61 176 in
7904 4200 216 176 den
8240 4200 192 176 tijd
8480 4200 264 176 van

6898 4208 123 142 1.1

5048 4416 184 164 21
5336 4416 1000 164 AUGUSTUS
6444 4416 352 164 TOT
6904 4416 224 164 30
7220 4416 980 164 AUGUSTUS
8296 4416 80 164 1.
8452 4416 124 164 J.

4879 4652 689 187 persoonlijk
5703 4650 153 185 op
5967 4649 145 185 de
6231 4645 593 187 bevoegde
6967 4640 697 189 plaatselijke
7797 4634 940 190 kommandantur

4872 4816 672 192 gedurende
5648 4816 160 192 de
5864 4816 808 192 aangegevene
6816 4816 688 192 bureeluren
7640 4816 328 192 terug
8096 4816 648 192 afgeleverd

4880 4996 472 184 worden
5364 4996 20 184 .
5448 4996 272 184 Hier
5764 4996 380 184 zullen
6180 4996 144 184 de
6364 4996 1064 184 aanmeldebrieven
7488 4996 520 184 nagezien
8063 4996 455 184 worden
8554 4996 34 184 .

5072 5176 256 124 Indien
5388 5176 76 124 ik
5524 5176 364 124 opmerke
5892 5176 24 124 ,
5976 5176 120 124 dat
6160 5176 316 124 gewone
6532 5176 528 124 huisgezinnen
7124 5176 428 124 voorloopig
7608 5176 144 124 niet
7820 5176 100 124 tot
8000 5176 184 124 eene
8268 5176 472 124 aanmelding

4872 5284 372 120 verplicht
5304 5284 126 120 zijn
5442 5284 30 120 ,
5536 5284 468 120 waarschuw
6060 5284 72 120 ik
6168 5284 116 120 de
6336 5284 356 120 overigen
6700 5284 24 120 ,
6776 5284 92 120 de
6961 5284 478 120 aanmelding
7496 5284 252 120 achter
7808 5284 68 120 te
7955 5284 170 120 laten
8200 5284 80 120 of
8328 5284 284 120 wetens
8668 5284 68 120 of

4874 5410 484 110 onachtzaam
5396 5410 188 110 eene
5628 5410 298 110 valsche
5960 5410 84 110 of
6068 5410 150 110 niet
6262 5410 370 110 volledige
6666 5410 482 110 aanmelding
7182 5410 72 110 te
7282 5410 186 110 doen
7478 5410 18 110 .
7542 5410 74 110 Ik
7656 5410 180 110 roep
7880 5410 304 110 daarom
8232 5410 90 110 de
8374 5410 362 110 aandacht

4872 5508 138 134 der
5036 5508 724 134 belanghebbenden
5784 5508 98 134 op
5910 5508 94 134 de
6030 5508 792 134 strafbestemmingen
6854 5508 138 134 van
7022 5508 144 134 den
7196 5508 42 134 S
7266 5508 44 134 4
7334 5508 132 134 der
7488 5508 494 134 verordening
8004 5508 94 134 en
8124 5508 142 134 doe
8296 5508 410 134 opmerken
8712 5508 22 134 ,

4872 5632 124 112 dat
5028 5632 220 112 reeds
5284 5632 128 112 het
5452 5632 313 112 verzoek
5777 5632 27 112 ,
5840 5632 136 112 zoo
6008 5632 68 112 te
6116 5632 364 112 handelen
6488 5632 24 112 ,
6536 5632 376 112 strafbaar
6948 5632 60 112 is
7012 5632 20 112 .

576 5964 476 120 Brasschaet
1056 5964 20 120 ,
1136 5964 164 120 den
1360 5964 72 120 3.
1496 5964 312 120 August
1868 5964 176 120 1916
2048 5964 20 120 .

4867 5976 490 128 Brasschaet
5341 5980 31 124 ,
5435 5981 161 125 den
5655 5983 105 124 3ºh
5819 5984 413 128 Augustus
6291 5988 177 126 1916
6470 5990 21 124 .

2663 6189 221 140 von
2973 6183 1311 145 SCHLABRENDORFF
4289 6183 23 140 .

2512 6356 616 128 Generalmajor
3196 6356 56 128 u
3256 6356 20 128 .
3348 6356 1079 128 Abschnittskommandeur
4426 6356 27 128 .

6879 6197 197 154 von
7167 6183 1282 165 SCHLABRENDORFF
8452 6183 45 152 ,

6671 6375 725 141 Generaalmajoor
7439 6373 105 134 en
7595 6361 1066 144 Abschnittskommandeur
8657 6361 24 132 .

575 6409 203 62 Druckerei
807 6415 129 60 KARL
961 6419 154 59 BROEL
1120 6423 14 56 ,
1161 6423 227 62 Antwerpen
1392 6429 15 56 :
