8644 5499
589 209 3393 1124 Bekanntmachung

4864 248 2894 1041 Bekendmaking

8062 1326 210 96 neo

944 1288 672 272 betreffend
1736 1288 224 272 den
2080 1288 536 272 Verkehr
2736 1288 232 272 mit
3080 1288 447 272 Butter
3491 1288 69 272 .

5047 1282 750 349 aangaande
5903 1277 215 339 het
6231 1265 510 346 verkeer
6847 1259 262 341 met
7215 1250 406 343 Boter
7597 1299 42 256 .

659 1934 201 141 Die
975 1924 1077 149 Verwaltungschefs
2171 1922 173 141 für
2459 1915 541 145 Flandern
3115 1913 229 142 und
3455 1907 613 145 Wallonien

491 2098 355 131 haben
933 2097 113 130 in
1133 2091 721 135 Ausführung
1943 2091 193 130 des
2225 2089 211 131 Art
2441 2089 19 130 .
2543 2088 127 130 10
2778 2086 184 131 der
3051 2082 725 133 Verordnung
3873 2080 193 131 des

491 2254 353 121 Herrn
963 2252 466 121 General
1444 2251 27 120 -
1448 2248 784 123 Gouverneurs
2335 2247 253 121 vom
2695 2246 161 120 22.
2931 2243 445 122 August
3451 2242 241 121 1916
3795 2241 245 121 betr
4043 2240 21 120 .

495 2411 205 108 den
779 2408 493 110 Verkehr
1359 2407 197 108 mit
1651 2404 393 110 Butter
2139 2403 173 109 die
2403 2401 245 109 dem
2735 2398 605 111 Hersteller
3427 2397 173 109 für
3691 2395 377 109 seinen

491 2571 729 140 Eigenbedarf
1271 2565 657 141 zustehende
1991 2560 773 141 Buttermenge
2823 2558 173 137 bis
3051 2556 193 137 auf
3287 2552 529 139 Weiteres
3867 2550 201 137 mit

4714 1918 162 140 De
4984 1918 1080 140 Verwaltungschefs
6170 1918 266 140 voor
6540 1918 688 140 Vlaanderen
7346 1918 132 140 en
7588 1918 526 140 Wallonië

4543 2060 429 134 hebben
5051 2063 113 132 in
5239 2064 621 135 uitvoering
5927 2068 221 133 van
6219 2070 171 133 art
6386 2071 26 132 .
6483 2072 121 132 10
6659 2073 217 133 van
6939 2074 129 133 de
7127 2075 717 137 verordening
7903 2080 213 133 van

4547 2220 213 136 den
4827 2221 293 137 Heer
5187 2223 533 138 Generaal
5727 2225 33 136 -
5767 2225 705 139 Gouverneur
6539 2229 217 137 van
6819 2230 133 136 22
7015 2231 573 139 Augustus
7651 2234 233 137 1916
7936 2235 150 137 be

4543 2384 529 127 treffende
5139 2387 193 125 het
5399 2389 453 126 verkeer
5919 2392 221 125 met
6207 2394 309 126 boter
6518 2396 21 124 ,
6611 2396 133 125 de
6815 2398 209 125 aan
7087 2399 205 125 den
7351 2401 769 128 voortbrenger

4543 2544 637 131 toegestane
5279 2547 709 132 hoeveelheid
6091 2552 313 129 boter
6503 2554 265 129 voor
6855 2556 769 131 eigengebruik
7627 2560 21 128 ,
7735 2560 165 129 tot
7979 2561 133 129 op

4545 2700 338 126 nader
4965 2708 314 126 order
5281 2714 22 120 ,
5377 2716 134 122 op

768 2824 368 200 100
1240 2824 872 200 Gramm
2232 2824 344 200 für
2696 2824 416 200 den
3232 2824 552 200 Kopf

1391 3093 441 162 und
1935 3093 345 160 die
2375 3089 801 163 Woche

500 3372 643 132 festgesetzt
1129 3372 31 132 .

668 3526 324 140 Diese
1080 3526 752 140 Bestimmung
1900 3526 244 140 tritt
2223 3526 129 140 am
2501 3526 78 140 1.
2646 3526 443 140 August
3167 3526 210 140 1917
3482 3526 114 140 in
3680 3526 360 140 Kraft
4046 3526 20 140 ;

501 3695 231 134 ihre
785 3690 909 139 Nichtbefolgung
1747 3689 271 135 wird
2075 3688 199 135 mit
2335 3687 209 135 den
2601 3686 115 135 in
2777 3685 243 135 dem
3081 3683 491 136 einzigen
3631 3681 437 135 Artikel

505 3853 186 130 der
757 3850 716 133 Verordnung
1541 3849 248 131 vom
1881 3848 165 131 18.
2067 3846 476 132 Oktober
2619 3845 238 131 1916
2955 3843 582 132 genannten
3637 3841 432 131 Strafen

503 4004 546 135 geahndet
1035 4003 34 125 .

4816 2960 376 200 100
5360 2960 1120 200 grammen
6648 2960 384 200 per
7192 2960 648 200 hoofd

5551 3235 275 180 en
5967 3227 387 182 per
6487 3216 627 185 week

4547 3428 654 131 vastgesteld
5223 3428 33 124 .

4715 3580 287 135 Deze
5099 3582 509 136 bepaling
5703 3585 357 136 treedt
6145 3588 133 134 op
6367 3589 47 134 1
6511 3590 577 137 Augustus
7205 3594 219 135 1917
7513 3596 113 134 in
7711 3597 335 136 voege
8091 3599 19 134 ;

4548 3748 204 128 wie
4828 3748 208 128 aan
5108 3748 436 128 dezelve
5616 3748 268 128 geen
5967 3748 355 128 gevolg
6415 3748 270 128 geeft
6764 3748 241 128 stelt
7084 3748 198 128 zich
7361 3748 296 128 bloot
7716 3748 204 128 aan
7980 3748 132 128 de

4552 3908 462 130 straffen
5102 3908 524 130 genoemd
5714 3908 114 130 in
5914 3908 190 130 het
6192 3908 372 130 eenige
6663 3908 400 130 artikel
7140 3908 186 130 der
7402 3908 712 130 verordening

4551 4077 217 102 van
4827 4074 117 102 18
5007 4067 477 107 Oktober
5541 4064 237 103 1916
5787 4064 17 100 .

675 4253 651 138 Antwerpen
1330 4253 34 132 ,
1427 4249 205 135 den
1695 4247 158 134 30.
1907 4245 225 134 Juli
2199 4241 237 135 1917
2448 4241 17 132 .

4727 4262 633 130 Antwerpen
5385 4262 35 124 ,
5483 4259 205 126 den
5759 4257 141 125 30
5963 4255 229 126 Juli
6259 4253 233 125 1917
6504 4252 17 124 .

927 4476 337 181 Der
1335 4477 877 184 Präsident
2283 4482 285 181 der
2635 4483 1441 187 Zivilverwaltung

4975 4480 341 182 Der
5383 4482 877 186 Präsident
6331 4489 285 182 der
6679 4491 1425 191 Zivilverwaltung

1733 4684 165 114 für
1959 4686 157 114 die
2173 4688 443 116 Provinz
2683 4692 627 119 Antwerpen

1959 4849 1113 150 SCHRAMM

2286 5048 444 108 Senator

5786 4680 166 119 für
6010 4683 162 119 die
6226 4686 442 124 Provinz
6734 4694 618 127 Antwerpen

6008 4856 1104 152 SCHRAMM

6332 5056 441 104 Senator

515 5093 150 49 Form
670 5093 10 49 .
710 5093 152 49 4086
868 5093 10 49 .
